3342 5080
728 348 792 418 541

209 531 289 629 Pag.
315 538 392 609 672.
419 537 448 605 5.
474 541 509 606 in
532 539 556 606 S
576 541 714 629 legitur:
735 536 797 606 ὐθεν
818 538 997 624 ἐξηλέγχθη
1018 546 1156 624 φανερῶς
1176 540 1211 610 ri
1231 547 1356 628 πρῖιγρι·

165 646 214 711 ἐπ’
245 649 421 730 αὐτοφώρῳ.
455 653 584 715 annotat
613 645 758 713 Dindorf.
788 695 805 726 ,,
815 648 996 734 αὐτοφώρῳ]
1024 649 1058 714 iu
1082 647 1105 714 S
1126 653 1356 737 ιιιρστοστθρθακι

164 756 277 838 εἰριιαιιι
308 756 526 821 annotationem
557 756 590 819 in
622 755 757 836 πιανρθπο
776 755 907 838 positam
930 762 1113 833 monatraoe,
1138 779 1226 842 ρασαι
1249 761 1359 828 addae

165 860 274 926 οθθίθαι
297 869 340 927 αθ
363 860 536 926 titrarioe.’'
569 861 684 926 Dicam
708 860 784 944 quid
809 861 967 927 acciderit.
1005 859 1142 950 Signum
1167 869 1358 955 superscrip

165 969 237 1030 tum
269 974 301 1034 et
331 970 365 1032 in
394 971 540 1055 margine
567 968 741 1054 repetitum
765 972 822 1031 aut
845 969 968 1034 variam
992 967 1163 1034 lectionem
1182 971 1279 1038 habet
1302 979 1357 1040 aut

166 1075 282 1138 veteris
306 1073 455 1141 vocabuli
478 1073 783 1159 interpretationem.
818 1073 869 1138 Ad
892 1075 942 1137 ἐπ’
962 1074 1129 1157 αὐτοφώρῳ
1149 1077 1358 1165 adscripscrat

166 1175 452 1264 aliquantasper.
500 1180 564 1261 Qui
586 1176 736 1246 Oodmem
759 1176 783 1243 S
804 1178 961 1246 scribebat
983 1187 1120 1264 φανερῶς
1144 1203 1183 1248 er
1206 1204 1261 1249 ora
1283 1185 1357 1252 libri

165 1289 285 1372 recepit
315 1289 350 1352 in
380 1291 508 1354 textum
538 1291 571 1354 et
599 1287 634 1351 in
665 1283 843 1366 αὐτοφώρων
876 1286 1007 1373 reliquit
1037 1290 1186 1376 signum,
1211 1293 1264 1355 cui
1286 1296 1356 1357 tum

166 1391 248 1458 nihil
277 1393 495 1480 respondebat.
543 1393 648 1474 Quam
675 1390 784 1458 futiles
806 1397 839 1458 et
860 1394 1004 1478 imperiti
1027 1400 1102 1460 sunt
1123 1394 1175 1461 iili
1197 1397 1356 1476 homines,

166 1499 282 1586 quibus
305 1499 451 1566 nonnulli
474 1501 582 1566 omnia
603 1497 757 1564 credenda
781 1519 848 1564 esse
866 1498 1053 1585 opinantur!
1090 1499 1153 1583 oui
1172 1502 1360 1570 Demosthe-

166 1627 240 1673 nem
274 1606 463 1674 lectitabant
496 1607 573 1694 quid
607 1609 689 1672 esset
721 1605 770 1668 ἐπ’
802 1607 968 1688 αὐτοφώρῳ
1000 1609 1080 1673 scire
1110 1608 1221 1675 debers
1251 1615 1355 1696 putes.

166 1713 239 1780 Non
267 1714 419 1782 ridentur
449 1715 578 1780 scivisse
602 1717 634 1778 et
656 1713 877 1797 interpretatio
901 1712 1100 1779 adscribitur.
1150 1714 1254 1795 Quam
1277 1717 1360 1782 nihil

167 1825 276 1886 autem
295 1821 457 1909 cogitabat
476 1823 505 1886 is
525 1823 581 1907 qui
599 1823 736 1900 φανερῶς
758 1819 859 1904 ipsius
877 1817 1102 1887 Demosthenis
1123 1842 1191 1887 ease
1212 1825 1359 1908 opinatus

166 1929 286 2014 recepit
315 1929 350 1993 in
379 1931 514 1992 textum.
563 1925 658 1993 Solus
683 1927 830 1992 omnium
853 1923 877 1992 S
900 1925 960 1994 hac
982 1927 1111 1995 macula
1132 1929 1269 1995 iniectus
1291 1935 1357 2016 est,

167 2034 283 2099 caeteri
306 2033 422 2100 mendo
442 2039 558 2100 carent.

210 2242 292 2332 Peg.
324 2240 401 2312 672.
434 2244 487 2310 10.
521 2245 655 2312 πεθθονσν
686 2247 738 2311 rto
770 2242 969 2326 Ἀρτώβαζον
1000 2247 1054 2309 τοῦ
1081 2244 1138 2322 μὲν
1161 2246 1357 2326 τιμωρεῖσθαι

167 2352 219 2418 τὸν
243 2350 415 2432 Χαρίδημον
439 2353 608 2432 ώφεῖσθαι,
633 2354 801 2422 carretae
820 2353 847 2417 δ’
868 2349 1061 2417 ὑπόσπονδον.
1096 2350 1216 2418 Vitiosa
1235 2352 1359 2419 dictum

166 2465 214 2523 est
246 2459 395 2523 πείθουσιν
426 2459 586 2540 ἀφεῖσθαι.
634 2457 818 2524 Perfectum
849 2460 883 2522 in
914 2457 972 2524 tali
1001 2478 1036 2523 re
1059 2459 1134 2544 poni
1156 2479 1219 2524 nou
1241 2463 1356 2546 potest.

165 2564 252 2652 Lege
277 2563 416 2646 ἀφέσθαι
442 2569 481 2630 ut
504 2565 682 2634 ώποςεῖλαι.
724 2564 910 2630 Promiscue
931 2567 966 2629 in
988 2562 1081 2629 libris
1101 2563 1252 2629 scribitur
1269 2566 1361 2645 ώφθε-

166 2672 255 2751 σθαι,
282 2671 420 2754 ectetas
445 2676 477 2737 et
499 2672 660 2756 θφεῒσθαι.
708 2671 793 2752 Quid
817 2673 861 2737 ait
882 2670 1002 2757 ubique
1024 2691 1139 2738 verum
1158 2673 1239 2737 ratio
1259 2670 1360 2738 docet.

210 2881 291 2970 Pag.
326 2877 403 2947 675.
438 2881 491 2947 12.
522 2890 622 2962 μῆνας
657 2879 739 2946 ἑπτὰ
772 2878 926 2959 διήγαγεν
957 2881 1040 2958 ἡμᾶς
1076 2885 1229 2961 πολεμῶν.
1275 2881 1361 2948 Faer

168 2983 400 3053 Graeculorum
428 2987 553 3054 dicebat
587 2994 735 3064 πολεμεῖν
770 2983 856 3064 τινα,
892 3006 955 3052 non
988 2985 1227 3053 Demosthenes.
1274 2986 1361 3076 Lege

166 3093 267 3179 (πρὸς)
300 3097 385 3173 ἡμεῖς
419 3099 569 3172 πολεμῶν.
618 3091 825 3159 Ostendimus
858 3090 922 3158 alio
957 3091 1026 3158 loco
1061 3112 1158 3178 quam
1195 3114 1287 3179 saepe
1321 3113 1360 3159 ex

166 3199 258 3267 libris
275 3199 500 3268 Demosthenis
519 3202 709 3287 praepositio
728 3199 800 3280 πρθς
819 3197 1006 3284 compendio
1023 3200 1141 3285 scripta
1151 3199 1358 3266 interciderit.

212 3409 292 3499 Pag.
320 3407 396 3478 678.
421 3410 452 3476 2.
479 3409 677 3492 ἐψηφίσασθε
701 3409 857 3492 ψήφισμα
880 3407 1061 3481 Γλαύκωνος
1082 3408 1219 3480 εθπθντος
1236 3406 1360 3474 ἑλέσθαι

167 3515 312 3597 πρέσβεις
336 3516 410 3582 δέκα
434 3514 546 3597 ἄνδρας
570 3514 605 3592 ἐξ
629 3517 712 3594 ἡμῶν
736 3523 906 3582 aaron.
942 3514 1021 3595 Quis
1043 3515 1103 3582 hoo
1126 3516 1206 3580 ferre
1230 3519 1263 3580 et
1287 3534 1360 3581 con·

167 3643 299 3709 coquere
330 3621 455 3709 potest?
486 3620 520 3698 ἐξ
545 3623 627 3700 ὑμῶν
651 3623 759 3687 αὐτῶν.
808 3621 857 3686 Far
881 3621 997 3707 quibus
1020 3620 1149 3686 tandem
1173 3619 1246 3685 aliis
1272 3626 1359 3705 pots·

166 3735 238 3796 rant
268 3728 392 3818 iegatos
422 3725 573 3796 mittere?
618 3727 667 3794 ihr
697 3733 804 3795 vetere
827 3725 967 3793 formula
989 3725 1110 3792 ἑλέσθαι
1137 3726 1171 3804 ἐξ
1193 3726 1359 3801 Ἀθηναίων

168 3834 315 3900 οἱπώντών
346 3836 579 3901 emendandum
609 3839 658 3901 est
688 3833 722 3911 ἐξ
754 3832 836 3913 ὑμῶν
869 3836 1071 3900 ἈΠΛΝταα
1118 3832 1205 3898 Inest
1238 3834 1273 3897 in
1307 3833 1359 3899 his

166 3943 273 4009 verbis
296 3944 395 4008 etiam
418 3941 507 4007 aliud
529 3942 659 4008 vitium.
705 3939 803 4036 Recte
827 3939 946 4005 dicitnr
968 3937 1089 4005 ἑλέσθαι
1113 3937 1256 4021 πρέσβεις
1282 3936 1359 4004 δέκα

167 4055 199 4115 et
231 4048 353 4114 tainica
388 4049 462 4114 δέκα
495 4045 624 4131 ἄνδρας,
658 4047 713 4112 sed
740 4067 803 4112 non
832 4051 1017 4132 utrumque.
1063 4045 1282 4112 Reaccendum
1310 4049 1359 4112 est

166 4153 324 4236 πρέσβεις.

211 4369 291 4456 Peg.
326 4365 404 4432 680.
441 4365 492 4432 12.
526 4367 642 4447 'Opitre
665 4364 718 4430 aei
743 4363 861 4430 σννθετε
884 4364 938 4440 τὴν
962 4362 1105 4442 πονκρθαν
1128 4361 1182 4427 καὶ
1205 4363 1262 4438 τὴν
1284 4365 1357 4430 οὶπι-

164 4473 248 4546 σθαν.
295 4471 507 4541 Vehementer
530 4474 629 4539 mhor
652 4473 687 4537 in
713 4470 772 4538 tali
795 4492 829 4538 re
853 4471 923 4553 θρῶν
947 4468 1000 4535 καὶ
1020 4469 1151 4536 συνιέναι
1171 4473 1355 4554 coniuncta,
