3356 5086
882 379 946 450 334

319 578 381 642 tim
400 577 611 660 suspicionem
631 583 755 660 repertu
772 593 849 640 uera
866 572 962 638 lectio
980 575 1133 658 sequitur.
1158 573 1280 639 Audias
1300 574 1404 640 modo.
1417 597 1441 638 ε.
1455 571 1510 639 87.

506 681 600 746 τθνιτε
624 704 674 758 μοι
699 679 834 760 ἘρμεθΑ
856 677 1050 760 χρυσόρρμπΙ
1069 678 1268 759 εθλήλονθοιςς

318 794 385 857 imo
408 808 483 856 vero
506 787 669 866 ἘρμεθΛΟ
691 785 929 867 maalmam,
954 790 992 850 ut
1015 783 1107 858 Θέτις
1130 785 1342 859 τανύπεπλος.
1368 796 1407 852 Τ.
1432 784 1488 851 20.

503 891 598 972 ἔγνως
623 893 806 972 ἐννοσίγαιε
831 892 929 969 ’epita
953 892 983 955 ἔν
1003 892 1106 967 πάθεσι
1129 891 1255 970 βουλήν.

317 1005 408 1069 visne
427 1001 570 1066 Homero
590 1000 702 1088 dignos
722 1018 872 1064 numeros
888 995 1016 1064 audiret
1029 996 1180 1064 rescribe:
1194 995 1288 1076 ἔγνως
1301 998 1511 1076 ἐννοσίγαιος

321 1109 408 1188 ἔμήν.

363 1215 480 1282 Editur
502 1222 542 1279 Ο.
569 1210 626 1278 49.

500 1321 525 1384 εἰ
549 1320 606 1397 μὲν
627 1318 662 1393 θη
685 1316 723 1383 τθ
747 1323 781 1398 γ’
804 1317 915 1384 ἔπειτοο
939 1319 1042 1398 βοῶπΙ
1067 1318 1179 1384 πθτνιοι
1199 1319 1288 1397 Ἥρη.

319 1427 374 1494 sed
397 1429 583 1491 annotatur:
610 1424 814 1506 ’Λριτοφάνης
838 1426 924 1502 μετά
944 1428 997 1489 τοῦ
1023 1435 1046 1490 C
1070 1424 1222 1504 βοῶπῐο
1241 1425 1293 1488 aui
1314 1423 1376 1493 ἔτιν
1395 1425 1512 1506 εὐφρο-

270 1605 273 1612 ,
321 1532 446 1612 essuos.
493 1531 585 1596 Laeti
615 1535 647 1597 et
678 1533 764 1618 grati
795 1534 987 1617 accipimus,
1019 1536 1052 1596 et
1080 1532 1191 1597 eudem
1214 1551 1308 1617 opera
1331 1532 1512 1598 emendabi-

321 1659 395 1704 mus
419 1646 463 1701 Ω.
489 1635 545 1702 88.

501 1741 566 1824 θρτο
592 1741 688 1821 ΘέτΙ,
713 1743 819 1808 κιιλέει
845 1743 922 1816 Ζεὺς
946 1742 1067 1826 ἄφθιτοι
1091 1743 1191 1822 peliae
1216 1741 1311 1815 εἰδώς.

320 1853 387 1916 imo
416 1869 491 1916 vero
521 1847 585 1929 θρεο
620 1847 743 1926 etsie,
773 1855 811 1914 ut
842 1847 922 1914 solet
952 1854 1046 1934 po'e'ta
1076 1852 1111 1914 in
1145 1848 1265 1915 talibus
1297 1851 1513 1916 nominativos

320 1976 453 2043 ponere.
487 1955 562 2021 vide
592 1955 813 2020 Aristarchum
845 1955 885 2020 ad
915 1964 950 2019 Γ.
982 1953 1057 2021 277.
1092 1955 1273 2022 afferentem
1304 1980 1330 2036 ρ.
1363 1953 1439 2019 415.
1464 1953 1512 2028 δὸς

320 2065 432 2147 φίλος,
466 2066 498 2127 et
529 2070 565 2126 Φ.
599 2058 676 2125 106.
705 2059 808 2138 άλλά,
833 2061 951 2142 φίλος,
980 2060 1050 2125 θάνε
1072 2062 1124 2127 aar>
1149 2061 1198 2126 εθ.
1245 2061 1334 2128 Idem
1357 2059 1512 2126 mendum

322 2192 361 2237 ex
387 2180 424 2235 o.
449 2165 526 2234 474.

501 2272 638 2346 νηπύτιε
660 2272 701 2338 ul·
716 2296 748 2336 νο
772 2270 860 2348 τόξον
883 2272 969 2354 ἔχεις
994 2274 1162 2350 άνεμιθλιον
1185 2273 1306 2350 οιῦτωςς

320 2382 490 2448 Bemeaius
521 2378 653 2444 sustulit
686 2381 854 2452 νηπύτιος
882 2400 1044 2465 reponens.
1091 2381 1210 2468 Arguit
1231 2381 1352 2447 uitium
1376 2384 1410 2446 et
1429 2379 1515 2444 laese

321 2490 407 2554 auris
428 2493 460 2551 et
478 2486 637 2552 similium
656 2485 799 2552 locorum
818 2489 1022 2572 comparatio.
1056 2486 1236 2574 Pergamus
1255 2489 1358 2574 igitur
1377 2486 1513 2552 eundem

322 2615 460 2660 errorem
484 2592 619 2660 evellere
644 2603 679 2658 Σ.
707 2591 784 2658 357.

548 2699 681 2780 ἔπρηξοος
707 2698 759 2764 καὶ
785 2697 896 2764 ἔπειτα
919 2701 1023 2778 βοῶπΙ
1049 2697 1158 2764 πθτνιοο
1180 2701 1270 2778 Ἥρη.

321 2811 390 2873 imo
413 2827 488 2873 uero
513 2807 643 2884 βοῶπις
665 2827 706 2872 ne
729 2808 865 2891 turpiter
889 2805 1068 2871 claudicent
1090 2809 1233 2890 numeri,
1258 2810 1291 2871 et
1314 2815 1353 2870 Θ.
1379 2804 1456 2870 420.

506 2911 576 2992 ὄφρ’
602 2913 681 2994 εἰδῇς
707 2918 878 2990 γλουκῶτῐ
903 2907 977 2975 θτοιν
1001 2913 1042 2993 τῷ
1066 2913 1161 2991 ποιτρὶ
1186 2911 1325 2993 μάχηοιι.

321 3022 418 3106 perlit
461 3019 614 3096 δίγοιμμοι
655 3023 688 3084 et
720 3017 950 3103 permolestum
986 3023 1036 3082 est
1070 3019 1105 3081 τὸ
1140 3020 1269 3097 κεχηνὸς
1303 3021 1356 3081 τοῦ
1392 3016 1515 3098 ῥυθμοῦ.

322 3124 502 3211 Utrumque
526 3123 652 3190 mulum
675 3122 826 3189 tollemus
848 3123 1064 3189 rescribendo:

456 3229 538 3312 θφροο
561 3231 665 3311 Ἑιδέης
689 3233 887 3308 γλιινκῶπῐο
911 3227 985 3294 trau
1010 3231 1051 3311 τῷ
1076 3229 1170 3310 ποιτρὶ
1194 3227 1334 3310 μάχηαι.

366 3336 511 3422 Denique
541 3339 576 3401 in
607 3335 720 3424 Odyss.
753 3359 788 3401 ο.
822 3333 898 3400 328.
923 3334 1034 3401 eadem
1056 3339 1154 3402 metri
1174 3334 1262 3401 labes
1285 3335 1349 3400 alio
1372 3333 1515 3400 remedio

321 3445 467 3509 sonanda.
514 3442 645 3508 Editur:

458 3551 483 3614 et
509 3551 566 3627 μὲν
588 3548 623 3624 tt,
647 3548 792 3622 Ὀδυσεύς
817 3557 870 3626 μθ
894 3549 989 3628 Ἐμὸς
1012 3557 1089 3620 τοῖς
1113 3545 1211 3613 ἐνθάδ’
1234 3546 1358 3619 ἱκάνεις.

322 3656 377 3722 sed
399 3676 419 3721 u
443 3660 551 3722 vetere
575 3661 700 3720 cantore
724 3655 901 3741 profectum
925 3657 1075 3721 arbitror:

457 3763 482 3826 ai
508 3763 564 3838 μὲν
589 3761 623 3836 δη
649 3761 799 3833 Ὀδυσεύς
825 3771 875 3826 C'r
899 3767 932 3826 Γ*
957 3762 1030 3840 ἐμὸς
1054 3768 1129 3833 τοῖς
1154 3759 1252 3826 ἐνθάδ’
1278 3757 1403 3832 ἱκάνεις.

322 3875 359 3933 ut
382 3867 473 3934 Ilied.
500 3876 527 3932 0
567 3867 620 3933 49.

504 3973 528 4037 ri
552 3975 610 4049 uia
633 3975 668 4049 tt
694 3983 744 4040 CT
770 3976 804 4039 Γ*
829 3972 937 4038 ἔπειτιι
961 3973 1077 4052 βοῶπις
1100 3973 1209 4038 πθτνιοι
1230 3975 1319 4052 Ἥρη.

322 4087 354 4146 et
378 4082 424 4145 sie
447 4082 572 4165 saepius
595 4080 667 4146 aliis
690 4081 778 4147 loeis.

367 4186 425 4252 Fet
454 4205 564 4272 operae
596 4189 736 4271 pretium
767 4207 841 4251 eum
872 4185 939 4252 illis
972 4185 1106 4253 Homeri
1135 4185 1213 4252 loeis
1237 4205 1418 4271 comparare
1440 4184 1512 4250 Ple-

322 4295 443 4358 tonioos
472 4292 584 4358 hosce:
609 4293 729 4374 Protop.
755 4291 831 4356 310.
857 4303 890 4356 Β.
915 4293 1121 4372 Ἱπποκράτης
1146 4289 1231 4364 οὗτος
1256 4293 1300 4368 μη
1324 4316 1353 4354 τι
1375 4291 1512 4372 νεώτερον
1603 4363 1612 4378 ·

321 4401 513 4483 άγγέλλειςς
546 4399 671 4483 δρπιροε.
707 4395 781 4465 172.
815 4408 854 4463 Α.
888 4401 901 4462 θ
932 4400 1090 4477 Φαληρεὺς
1118 4396 1202 4470 οὗτος
1229 4397 1456 4477 ’Λπολλθὸωρος
1479 4401 1511 4464 οθ

322 4515 511 4592 περιμενεΐς;
544 4511 576 4570 et
607 4502 683 4569 213.
719 4515 752 4572 B.
786 4507 952 4584 Σωκράτης
975 4503 1059 4578 οὗτος
1084 4543 1127 4555 -
1151 4506 1290 4586 ἔλλοχῶν
1314 4541 1355 4552 -
1381 4505 1512 4570 ε’ντοιῦθνι
