3356 5086
718 337 782 406 ³45

157 531 358 610 naircre,
389 524 463 612 ὅπερ
487 531 575 610 ἡμεῖς
602 527 793 608 παῙΕατε.
838 527 996 612 Ὅμηρος·
1021 527 1160 596 παίσατε
1171 579 1180 610 ,
1205 525 1243 605 ῦς
1266 530 1303 611 χ’
1328 528 1343 595 d

157 636 259 715 ξεῖνος.

201 744 308 832 Itaque
331 747 364 811 et
386 745 421 809 iu
445 741 559 831 Odyss.
583 752 623 809 Ψ.
640 741 716 809 134.

358 849 458 930 αὐτὰρ
482 849 556 921 θεῖος
579 847 676 921 ἀοιδὸς
701 847 781 930 ἔχων
805 845 975 932 φόρμιγγα
998 855 1123 928 λιγεῖαν

358 957 430 1035 ἡμῖν
454 955 583 1034 ἡγείσθω
607 957 857 1036 Φιλοπαίγμονος
880 955 1054 1037 ὀρχηθμοῖο.

158 1065 246 1148 pcata
276 1060 405 1127 dederat
437 1063 559 1129 civium
582 1081 715 1128 suorum
737 1068 883 1132 vetorum
906 1082 995 1129 moro
1020 1060 1286 1145 φιλοπαίσμονος,
1311 1066 1344 1128 ot

157 1170 194 1232 ut
220 1165 277 1233 illo
304 1165 375 1233 loco
396 1169 432 1232 in
453 1165 545 1234 libris
566 1168 758 1254 quibusdem
781 1169 950 1236 manifesto
972 1189 1074 1236 errore
1097 1168 1248 1234 scribitur
1270 1167 1344 1233 rct-

158 1269 249 1350 ξατε,
280 1275 327 1340 sic
357 1273 417 1340 hcc
447 1273 517 1340 loco
546 1294 610 1340 non
635 1278 743 1341 minus
765 1281 873 1362 aperto
895 1274 1012 1342 mendo
1036 1275 1219 1360 aequiorum
1241 1274 1344 1341 forma

158 1379 383 1459 φιλοπαίγμονι
405 1381 522 1466 scripta
544 1385 600 1446 est.
649 1379 723 1448 Une
744 1401 837 1468 opere
859 1381 1080 1470 fragmentum
1102 1379 1237 1446 Hesiodi
1260 1379 1344 1466 opud

159 1483 342 1552 Strnbonem
373 1485 415 1551 X.
440 1506 515 1574 pag.
540 1483 618 1554 471.
645 1488 867 1555 emendabitur
889 1487 1054 1555 scribendo
1077 1487 1342 1571 Φιλοπαίομονες,

156 1593 336 1674 δρχκςῆρες,
359 1613 417 1678 pro
440 1593 702 1674 Φιλοπαίνμονες.

195 1697 356 1763 Futurum
379 1699 469 1767 verbi
492 1698 613 1780 παίζειν
636 1700 721 1786 apud
745 1702 913 1786 scriptores
935 1698 1063 1767 Atticos
1083 1719 1240 1786 nusquam
1259 1700 1344 1766 mihi

155 1801 287 1883 lectum,
311 1825 388 1871 nam
413 1805 497 1890 quod
518 1807 553 1870 in
575 1805 794 1892 Xenophontis
816 1807 969 1892 Sympoes'o
993 1813 1041 1873 est
1063 1805 1122 1872 IX.
1145 1805 1176 1872 2.
1198 1806 1343 1885 παιξοῦν-

155 1933 203 1976 ταν
226 1912 299 1992 πρὸς
321 1912 477 1985 ἀλλήλους
501 1932 520 1978 ιι
539 1932 647 1979 scurre
665 1910 863 2000 Syracusano
876 1912 989 1992 Δωριτί
1001 1912 1124 1978 dictum
1136 1917 1194 1978 eet.
1219 1909 1344 1980 Oeeteri

155 2037 260 2083 omnes
281 2023 461 2084 constanter
480 2017 651 2096 παίξομαι,
672 2016 908 2096 πνμπαίξομαι,
929 2017 1161 2098 προσκαλέομαι
1182 2017 1343 2098 dicebant,

155 2123 233 2189 unde
256 2129 368 2210 parata
392 2129 439 2190 est
463 2124 642 2190 emendatio
664 2122 808 2209 Appiano
832 2125 899 2205 περὶ
924 2126 1084 2206 ἐμφυλίων
1107 2123 1161 2190 IV.
1188 2122 1263 2189 118.
1286 2124 1343 2189 ubi

155 2227 271 2295 Brutus
302 2230 343 2296 ad
373 2229 495 2298 milites
525 2234 572 2297 ita
601 2230 696 2299 dicit:
728 2229 780 2296 καὶ
812 2232 856 2309 μὴ
889 2228 1019 2308 ἀδοξῆτε
1051 2232 1076 2296 εἰ
1101 2227 1340 2311 προοπονίζονπαι

156 2338 225 2412 ἡμῖν
243 2336 297 2402 καὶ
320 2341 545 2418 προκαλοῦνται
559 2375 600 2386 -
613 2333 713 2416 ἕτερον
731 2335 795 2411 δέος
816 2338 943 2416 ἰώμενοι.
967 2335 1149 2404 Diudorfius
1168 2336 1209 2403 ad
1227 2334 1339 2422 Steph.

155 2441 354 2510 'thesaurum
373 2443 604 2526 προοπαίζομαι
623 2463 736 2510 senum
755 2463 821 2512 esse
840 2448 948 2530 putat,
969 2443 1024 2510 sed
1036 2443 1217 2510 admonitus
1228 2464 1343 2511 verum

156 2571 218 2616 esse
248 2553 416 2638 agnoscet:
448 2551 493 2628 μὴ
526 2549 678 2628 οὶδοξθῐτε
708 2551 734 2615 et
759 2551 1004 2632 accuratiores
1029 2552 1081 2616 καὶ
1106 2554 1341 2631 προκαλοῦνται.
1371 2565 1378 2580 ·

156 2655 313 2722 Futurum
344 2657 431 2721 euim
454 2660 611 2724 sententie
632 2655 694 2722 loci
716 2655 859 2742 postulet
882 2661 914 2724 et
936 2661 1161 2740 προκαλοῦνται
1184 2662 1233 2724 ast
1256 2657 1343 2722 futu·

156 2781 235 2828 rum.
283 2757 333 2830 cf.
357 2761 434 2828 Noc.
458 2763 553 2830 oenc.
575 2782 650 2850 peg.
676 2759 754 2828 261.

698 3001 801 3072 XXX.

538 3215 763 3268 DIPH'I'HONGUS
787 3207 831 3266 01
855 3217 958 3268 uulsa·

200 3394 308 3464 Hebet
337 3395 397 3462 hoc
425 3393 538 3483 lingua
566 3394 739 3462 Homerico
769 3399 808 3462 ut
837 3395 1055 3484 diphthongus
1085 3397 1120 3460 in
1145 3419 1217 3476 μοι,
1243 3397 1290 3463 cot
1313 3403 1346 3463 et

158 3525 201 3568 τοι
230 3506 330 3569 etiam
362 3505 434 3568 aute
458 3501 589 3567 brevem
611 3499 756 3568 vocalem
779 3501 933 3584 elidatur,
956 3504 1006 3566 uit
1030 3510 1094 3568 -ΑΙ
1117 3502 1287 3569 verborum
1310 3505 1345 3568 in

158 3607 287 3686 βούλομ’
307 3607 386 3687 lyci,
408 3605 538 3687 βούλετ’
559 3607 699 3688 ἀρήγειν,
721 3613 753 3674 et
773 3611 847 3674 sim.
882 3605 999 3674 Multis
1018 3607 1097 3688 olim
1118 3627 1154 3673 ea
1173 3629 1222 3674 res
1240 3607 1345 3674 fraudi

157 3713 217 3781 fuit
239 3713 331 3780 Hiud.
358 3723 396 3780 A.
423 3711 498 3782 170.

925 3819 991 3886 otti
1016 3821 1048 3886 C'
1072 3818 1148 3884 Ὀΐνι

314 3928 411 3994 ἔνθαδ’
435 3925 546 4006 ἄτιμος
571 3927 624 3993 ἐὼν
649 3925 762 4010 ἄφενος
787 3926 839 3992 καὶ
864 3931 995 3992 πλοῦτον
1019 3923 1162 4009 οὶφῦξειν.

156 4037 211 4103 ubi
232 4033 404 4102 mirificem
427 4039 459 4100 ot
476 4033 703 4120 perridiculam
723 4030 908 4099 οὶντίπτιιοιν
927 4033 966 4098 de
986 4052 1044 4117 suo
1062 4034 1237 4099 commenti
1255 4037 1344 4100 sunt:

156 4145 173 4219 ri
194 4149 309 4214 πτῶσις
334 4141 537 4217 ἒνήλλακπαι.
561 4139 629 4204 niort
654 4139 717 4220 γὰρ
740 4147 863 4218 γενικῆς
887 4137 1039 4220 κέχρηται
1063 4139 1240 4224 tormacensi.
1284 4139 1345 4205 No·

156 4247 315 4313 etenum
332 4268 390 4330 pro
409 4245 557 4331 ροαῦὶοο,
576 4246 743 4331 inquiunt,
764 4249 855 4333 quasi
872 4265 922 4313 res
942 4249 1025 4312 esset
1041 4251 1119 4312 nota
1138 4252 1172 4313 et
1190 4265 1344 4314 concessa.

156 4352 299 4420 Tandem
319 4350 522 4418 intellectum
545 4357 593 4418 est
614 4357 744 4439 podtem
767 4351 887 4421 dicero:
913 4349 980 4420 οὐδὲ
1004 4359 1074 4419 <301
1097 4351 1147 4419 ca
1161 4390 1203 4404 -
1216 4355 1348 4422 πλοῦτον

156 4457 301 4548 αφύξοιν.
348 4455 401 4526 Sic
425 4463 459 4525 et
482 4467 518 4526 Z.
545 4456 621 4528 165.
