3356 5086
873 342 940 422 294

312 533 428 630 aliquis
451 549 484 612 et
506 551 575 614 tam
597 547 759 614 vetustam
781 545 971 629 scriptmam
993 540 1168 609 convellere
1191 540 1248 608 vix
1270 541 1365 607 ausit
1404 537 1501 608 Nunc

311 649 419 717 labem
441 652 644 718 manifestam
666 650 769 718 veluti
792 648 893 715 oculis
915 651 1074 714 cernimus
1092 648 1301 733 manibusque
1320 653 1477 714 tenemus.

357 857 447 924 Male
469 859 705 924 confimduntnr
726 859 760 922 in
783 855 919 922 Homeri
942 855 1145 922 Editionibus
1167 857 1232 922 δύο
1258 862 1290 923 et
1314 857 1401 924 δύΩῖ
1441 854 1489 922 Vc

313 968 366 1030 tus
395 967 551 1050 scriptura
579 972 666 1028 ΔΤΟ
691 983 747 1048 pro
769 982 803 1028 re
825 967 901 1027 nata
923 965 957 1028 in
981 963 1110 1028 brevem
1132 962 1276 1030 vocalem
1299 966 1411 1029 autin
1433 962 1504 1028 lon·

313 1090 389 1157 gam
414 1070 531 1136 exibat.
572 1069 727 1134 Peccator
750 1069 854 1155 igitur
877 1069 935 1133 ubi
957 1067 1008 1133 δύο
1031 1067 1201 1133 secundam
1226 1068 1384 1155 eyilaoam
1403 1069 1503 1134 habet

311 1179 466 1261 positione
488 1174 692 1262 productam,
717 1173 821 1240 voluti
842 1173 933 1239 Iliad.
960 1184 1000 1240 0.
1028 1173 1104 1242 324.
1128 1173 1187 1239 δύω
1211 1173 1380 1251 κλονέουσι,
1406 1179 1438 1240 et
1462 1183 1500 1240 Φ.

316 1280 382 1347 269
407 1288 440 1348 et
463 1280 537 1346 614.
563 1279 622 1346 δύω
645 1286 768 1360 χρυσαῖν
788 1279 933 1346 τάλαντα
940 1327 949 1358 ,
970 1286 1003 1346 et
1021 1279 1133 1367 Odyss.
1153 1304 1183 1345 κ.
1206 1277 1280 1346 102.
1300 1281 1359 1346 δύω
1379 1281 1501 1360 κρίνας,

315 1393 348 1453 et
378 1411 414 1466 μ.
440 1386 493 1456 73.
518 1386 576 1452 δύω
600 1385 744 1452 σκόπελοι
769 1391 801 1451 et
822 1388 869 1452 sio
896 1388 1020 1473 saepius
1046 1386 1133 1452 alibi.
1178 1384 1351 1452 Homerica
1373 1405 1501 1452 consue·

314 1493 392 1558 tudo
414 1492 521 1579 palam
545 1491 582 1556 fit
603 1491 717 1579 Odyss.
742 1515 765 1556 ε,
792 1489 867 1556 388.

475 1598 545 1663 ἔνθα
570 1598 642 1663 δύΩ
667 1597 779 1670 νύκτας
805 1596 870 1662 δύο
894 1600 924 1661 τ’
948 1597 1059 1675 ἤματα
1084 1595 1201 1675 κύματι
1220 1598 1311 1678 πηγῷ

474 1701 629 1782 πλάζετο.

316 1809 401 1875 solae
430 1811 582 1874 metricae
610 1811 748 1875 rationes
778 1813 852 1873 utra
881 1810 925 1874 sit
954 1807 1073 1893 ubique
1098 1811 1255 1895 scriptura
1276 1829 1352 1876 vera
1373 1807 1503 1874 demon·

316 1921 427 1980 strant.
473 1914 584 2000 ltaque
605 1917 640 1979 in
663 1919 768 1980 vetere
791 1913 918 1979 oraculo
942 1914 981 1978 ad
1004 1913 1095 1979 Iliad.
1119 1923 1155 1979 E.
1183 1913 1236 1980 64.
1259 1913 1448 2002 legendnm:

474 2023 568 2087 τύπτε
593 2019 666 2086 δύΩ
689 2019 843 2095 βασιλῆες
865 2021 879 2084 d
902 2020 960 2099 μὲν
983 2019 1091 2100 Τρώων
1115 2021 1129 2084 d
1155 2020 1180 2084 δ’
1204 2025 1344 2100 Ἀχαιῶν

475 2125 571 2192 οὐκέθ’
595 2126 659 2204 duic
682 2125 855 2208 Φμνέιντες
879 2126 951 2203 έμδν
976 2126 1065 2204 δύμον
1088 2126 1288 2205 elvericum

362 2332 462 2400 Credo
481 2334 661 2401 Homerum
680 2335 908 2400 Atheniensem
927 2334 1030 2400 forma
1046 2336 1156 2400 Attica
1170 2355 1266 2400 usum
1277 2335 1375 2402 fuisse
1386 2334 1501 2424 Odyss.

317 2451 354 2506 Ε.
379 2439 456 2506 260.
479 2441 536 2506 ubi
554 2463 639 2508 nuno
665 2441 787 2506 editur:

407 2548 436 2612 έν
461 2549 485 2611 δ’
511 2547 623 2627 ὑπέρας
646 2571 682 2612 τε
705 2546 853 2612 κύλΟΤΟ
876 2569 912 2610 τε
938 2547 1035 2618 πέδας
1058 2549 1087 2610 τ’
1111 2547 1246 2622 ἐνέδησεν
1270 2548 1300 2611 έν
1324 2548 1420 2630 αὐτῇ.

316 2649 410 2718 toties
441 2655 528 2718 enim
558 2654 626 2720 vidi
656 2652 760 2732 κάλῳ,
791 2651 911 2733 κύλῳς,
941 2650 1044 2725 κύλας
1075 2651 1161 2718 male
1182 2655 1217 2717 in
1240 2652 1352 2731 κύλνι,
1376 2653 1501 2730 κάλοις,

317 2756 430 2830 κύλικι
454 2759 639 2844 depravata,
659 2765 697 2823 ut
714 2759 797 2822 mihi
815 2760 950 2824 subnata
967 2760 1011 2823 sit
1029 2757 1106 2824 olim
1126 2762 1262 2844 suspicio
1281 2761 1503 2845 perantiquum

316 2866 506 2949 scripturam
537 2873 682 2929 KAAOC
711 2862 795 2929 male
826 2864 1017 2949 descriptam
1052 2863 1149 2929 fuisse
1184 2866 1219 2928 in
1253 2864 1366 2936 κύλικι
1402 2885 1503 2950 quum

318 2969 420 3040 κάλως
451 2973 649 3056 oportuisset.
696 2967 734 3034 In
762 2969 919 3054 Epicratis
950 2969 1128 3056 fragmento
1159 2970 1243 3056 apud
1277 2971 1393 3038 Athon.
1428 2991 1504 3058 pag.

320 3073 396 3141 782.
419 3074 455 3140 F.
479 3077 514 3138 in
537 3070 652 3142 Codice
673 3073 836 3140 Marciano
858 3079 922 3140 est:

545 3179 597 3245 aci
622 3180 691 3251 τοὺς
716 3179 828 3252 κύλννς
853 3178 942 3245 έκλνε
965 3181 1017 3245 καὶ
1038 3179 1134 3260 χύλα
1154 3179 1247 3246 πύδα.

316 3289 401 3352 recte
424 3290 551 3370 recepta
572 3291 619 3350 est
642 3284 845 3350 Valckenarii
867 3286 1046 3352 emendatio
1065 3287 1202 3352 κύλΩΟ.
1238 3285 1349 3354 Obiter
1368 3289 1502 3356 amends
1533 3317 1538 3328 ·

316 3411 444 3458 versum
467 3391 688 3476 Aristophanis
710 3393 745 3455 in
767 3391 926 3476 Equicibsa
950 3388 1026 3456 756.

499 3500 548 3559 νῦν
574 3496 608 3572 δύ
632 3520 667 3561 τε
690 3494 796 3561 πιέντα
820 3496 868 3562 δεῖ
888 3494 990 3562 κάλων
1014 3494 1123 3572 ἐξιέναι
1147 3503 1289 3564 τεαντνῡ.

315 3621 454 3686 namque
483 3601 688 3686 proverbium
711 3607 759 3667 est
782 3600 889 3666 πάντα
914 3611 972 3668 ΔΗ
996 3600 1099 3667 κύλων
1120 3601 1247 3683 ἐξιέναι,
1271 3609 1310 3672 ut
1332 3605 1419 3671 caari
1445 3615 1502 3670 ΔΗ

317 3715 495 3785 παταγεῖς,
519 3712 557 3771 ut
579 3709 614 3770 in
636 3705 800 3792 Euripidis
823 3707 928 3772 Medea
950 3705 1027 3772 280.

577 3811 676 3892 ἐχθραὶ
701 3811 763 3892 γὰρ
788 3811 888 3888 έξιὶὶτι
912 3817 1018 3878 πάντα
1044 3814 1079 3890 δὴ
1104 3813 1217 3880 manv.

316 3918 427 4005 Itaque
450 3921 543 4003 potita
565 3917 705 3984 dixerat:
847 4004 851 4013 Ι

478 4029 528 4088 νῦν
553 4033 623 4089 del
648 4049 683 4089 τε
708 4023 814 4089 πύντα
836 4033 894 4089 ΔΗ
919 4024 1021 4089 aanor
1045 4021 1154 4100 ἐξιέναι
1179 4031 1321 4092 recurri.

316 4130 364 4198 Ex
384 4130 486 4204 κύλινς
510 4131 666 4198 formatur
683 4129 875 4205 καλΩΙδινν,
894 4150 957 4196 non
977 4129 1121 4197 καλώδιον
1127 4178 1136 4208 ,
1158 4136 1194 4196 ut
1213 4136 1260 4198 est
1275 4135 1308 4197 in
1322 4131 1502 4221 fragmento

319 4237 486 4323 Eupolidis
508 4237 592 4324 apud
615 4236 820 4303 Eustathium
843 4257 916 4324 pag.
943 4234 1045 4315 1535,
1075 4235 1127 4301 18.

591 4344 629 4408 σὺ
654 4343 684 4407 δέ
707 4343 750 4408 rai
774 4343 910 4408 καλώδια
933 4347 1032 4409 Ταῦθ’
1056 4343 1207 4423 apocopa.

319 4448 447 4518 nullum
477 4456 525 4516 est
554 4452 641 4515 enim
672 4449 874 4532 ύπνκνριτικύν
897 4453 931 4514 in
955 4485 997 4500 -
1022 4457 1169 4516 ΩΔΙΟΝ
1192 4453 1299 4516 exiens
1321 4457 1378 4518 aut
1400 4453 1436 4516 in
1458 4489 1501 4502 -
