3348 5086
713 345 778 412 969

148 533 205 599 ubi
227 534 328 600 δύσειν
352 531 538 611 ,καταξέμεν
569 534 686 600 dicitur
708 540 745 601 ut
768 535 847 600 alibi
869 534 960 601 δῶκεν
984 533 1074 614 οἴγειν
1098 543 1130 602 εἴ
1155 538 1211 602 καῖ
1235 542 1334 617 σφωιν

152 640 199 713 δὸς
224 639 324 719 οἰγειν.

196 747 295 827 Φέρειν
317 747 413 812 1ιείιοῖ
436 741 496 811 οἰσε
520 747 588 831 (pro
611 746 751 836 ἔνεγκε),
775 747 898 828 οἰσέτοι,
923 747 1034 816 οἴσετε.

195 877 230 934 χ.
258 851 334 918 105.
371 848 432 917 οἰσε
456 852 537 916 ύέοιν.

195 983 230 1038 χ.
260 957 334 1023 481.
371 954 433 1023 οἰσε
458 958 562 1034 ύέειον,
587 960 676 1038 yonii.

196 1075 237 1129 Τ.
260 1063 335 1131 173.
370 1065 413 1128 τοὶ
437 1064 468 1128 δὲ
492 1064 570 1145 δῶρα
596 1104 636 1113 -
665 1064 875 1143 Ἀγαμέμνων
902 1067 1020 1133 οἰσέτω.

197 1175 223 1236 ἴ.
258 1169 335 1235 255.
372 1171 536 1252 Δήμοδύκῳ
561 1170 592 1235 δέ
614 1196 660 1244 τις
683 1210 724 1220 -
743 1173 913 1255 φόρμιγγα
935 1211 976 1224 -
997 1173 1114 1240 οἰσέτω.

197 1285 232 1342 Γ.
261 1275 337 1341 103.
372 1275 470 1340 οἴσετε
493 1276 588 1358 τοίρνε.

200 1394 237 1449 0.
263 1379 338 1447 718.
376 1380 474 1446 οἴσετε
498 1387 566 1463 πῦρ.

197 1514 225 1553 ν.
259 1488 333 1552 154.
369 1487 494 1567 ἔρχεσθε
516 1489 656 1568 κρήνηνδε
678 1488 731 1552 καί
755 1489 853 1556 οἴσετε
876 1493 985 1556 ύοίσσον
1008 1494 1119 1558 ἰοῦσαι.

150 1597 238 1660 etin
260 1593 419 1660 infinitivo
442 1593 562 1672 οἰσέμεν
586 1601 618 1660 et
642 1594 807 1673 οἰσέμεναι.
1019 1595 1020 1598 '

198 1726 231 1780 γ.
257 1699 333 1766 429.
370 1700 480 1765 εἴπατε
502 1699 529 1764 δ’
556 1699 624 1764 εἴσει
648 1703 780 1782 δμῳῇσιν
802 1741 843 1751 -
864 1703 983 1782 οἰσέμεν
1009 1701 1096 1784 ὕδωρ.

198 1816 232 1872 Γ.
259 1807 335 1872 120.
358 1805 436 1886 σέμν’
461 1807 598 1872 έκέλενεν
624 1807 805 1886 Οἰσέμεναι.

198 1924 240 1978 Ψ.
265 1911 340 1978 564.
366 1913 525 1978 ἐκέλευσεν
548 1914 654 1995 ἑταίρῳ
681 1913 864 1992 Οἰσέμεναι.

198 2023 222 2084 ύ.
251 2017 326 2084 399.
352 2024 384 2084 οἰ
407 2044 436 2084 σ.
461 2018 539 2084 291.

198 2125 276 2205 δῶρα
301 2129 327 2190 δ’
352 2125 399 2205 ἄρ’
423 2126 578 2205 οἰσέμεναι
603 2125 733 2205 πρόεσαν
757 2128 873 2206 κήρυκα
896 2124 1044 2198 Ἑέκαςος.

198 2259 234 2310 μ.
263 2233 317 2298 10.
340 2233 463 2313 έτοῖρονς
488 2233 590 2312 προίήν
615 2232 799 2309 -οἰσέμεναι
825 2233 935 2312 νεκρόν.

198 2339 357 2404 Futurum
389 2337 458 2403 οἴσω
489 2339 586 2404 habet
608 2338 721 2404 οἴσετον
744 2347 781 2404 Ε.
804 2337 881 2404 232.
906 2338 1027 2416 οἰσέμεν
1052 2347 1089 2406 Σ.
1118 2335 1195 2406 191.
1222 2346 1255 2404 st
1277 2358 1344 2404 oae-

151 2450 236 2512 ieras
257 2445 375 2510 formas
397 2447 527 2530 passim.

198 2550 340 2615 Eandem
370 2550 551 2637 analogiam
584 2551 668 2636 apud
698 2550 879 2616 Homerum
909 2555 1084 2636 sequuntur
1117 2549 1219 2626 δύσεο,
1244 2571 1344 2614 κατα-

152 2657 255 2734 δύσεο,
281 2656 484 2736 καταβήσεο,
510 2657 674 2734 ἐπιβήσεο,
698 2655 806 2734 λέξεο,
831 2655 913 2736 ύρσεο
937 2663 969 2722 et
990 2655 1094 2736 ἴρσευ,
1121 2661 1153 2721 et
1172 2659 1207 2720 in
1227 2655 1344 2719 indico

151 2769 223 2831 tivo
245 2763 385 2837 ἐδύσετο,
410 2762 590 2840 οἰνεδύσετο,
612 2764 818 2848 κατεδύσετο,
839 2763 1015 2828 ὑπεδύσετο.
1039 2763 1189 2842 ἐβήσετο,
1211 2761 1342 2839 βήσετο,

152 2870 342 2949 ἐπεβήσετο,
383 2871 596 2947 κατεβήσετο,
633 2870 826 2946 οἰπεβήσετο.
872 2869 941 2934 Has
976 2871 1078 2955 igitur
1111 2869 1345 2935 vetustissimas

152 2977 319 3042 Homerici
338 2977 492 3040 sermonis
514 2975 632 3040 formas
655 2975 779 3040 librarii
801 2980 887 3040 certo
909 2975 1025 3040 mendo
1044 2976 1159 3040 vitiare
1179 2977 1245 3038 iam
1265 2972 1345 3038 olim

101 3151 107 3160 ,
152 3081 297 3148 solebant
326 3085 511 3165 reponentes
541 3102 580 3146 ex
610 3081 717 3146 fallaci
748 3081 896 3168 analogia
927 3093 955 3145 A
986 3101 1042 3165 pro
1073 3080 1172 3146 evol
1198 3088 1236 3143 0.
1282 3079 1345 3144 Pro

153 3185 264 3263 ύξεσύε
297 3184 376 3265 βύας
402 3196 440 3250 Θ.
466 3184 541 3250 505.
566 3183 688 3271 optimi
706 3207 814 3252 omnes
838 3185 956 3262 οἴξασύε
981 3187 1152 3269 dederunt,
1178 3192 1210 3250 at
1232 3206 1288 3271 pro
1312 3186 1345 3250 ἐκ
1370 3225 1372 3229 -

155 3295 261 3367 πόλιος
295 3293 323 3359 δ’
355 3290 463 3367 οἴξοιτο
495 3292 575 3369 βόας
602 3291 653 3378 (Θ.
680 3293 770 3375 545.)
796 3312 936 3358 omnes
959 3297 1086 3357 servant
1109 3289 1235 3366 εἴξαντα.
1284 3290 1346 3356 Pro

156 3401 256 3467 οἴσετε
287 3405 319 3464 et
349 3397 442 3476 οἴξετε
475 3399 522 3484 (Γ.
549 3397 613 3464 103
637 3405 669 3464 st
695 3399 783 3482 105.)
809 3419 871 3466 non
894 3399 982 3464 deest·
1004 3400 1094 3464 varia
1115 3397 1210 3463 lectio
1233 3395 1346 3462 οἰσΛτε

154 3513 189 3573 et
211 3504 331 3582 οἰξΛτε.
376 3505 413 3569 In
436 3506 609 3570 Aristonici
632 3505 752 3570 soholio
776 3505 815 3570 ad
840 3515 875 3569 Θ.
902 3503 976 3568 545.
999 3507 1033 3568 in
1054 3515 1093 3568 Λ.
1114 3509 1179 3568 ost:
1202 3505 1232 3588 (ή
1252 3503 1345 3576 διπλῆ

154 3611 215 3699 ἴτε)
240 3612 276 3676 τὸ
302 3610 449 3688 οἰξΑντο
473 3612 505 3676 ού
531 3616 581 3676 τὸν
604 3611 764 3689 μέλλοντα
784 3611 927 3688 σήμαῖνει
949 3611 1025 3676 αλλ’
1045 3601 1113 3674 οἴντί
1134 3615 1188 3674 τοῦ
1212 3606 1347 3687 οἴγοντο

157 3719 235 3806 (leg.
267 3717 446 3803 ἠμύνοντο).
495 3714 651 3802 Compara
681 3716 822 3782 scholion
854 3717 894 3781 ad
918 3727 956 3781 Θ.
983 3715 1057 3778 505.
1084 3717 1100 3788 i
1124 3716 1219 3789 διπλῆ
1244 3710 1289 3778 ύτι
1313 3714 1346 3778 οὐ

155 3827 318 3904 μέλλοντα
349 3827 490 3900 σημαίνει
515 3824 550 3887 τὸ
574 3822 723 3898 οἰξεσύε
747 3824 821 3887 αλλ’
846 3823 875 3886 έν
899 3823 951 3903 ἴσῳ
976 3824 1017 3901 τῷ
1042 3818 1171 3898 ἄγετε
1195 3827 1227 3885 et
1250 3820 1290 3885 ad
1312 3829 1348 3884 Γ.

158 3931 232 3997 105.
259 3937 276 4008 ή
300 3932 394 4005 διπλή
418 3927 462 3995 ύτι
487 3933 521 3995 τὸ
553 3927 674 4004 οἰξετε
705 3931 737 3993 ού
762 3928 812 3992 τὸν
836 3927 994 4004 μέλλοντα
1019 3926 1160 4002 σημαίνει
1185 3925 1259 3990 ἀλλ’
1283 3923 1345 3990 ἴσον

157 4039 200 4120 τῷ
225 4038 365 4116 ἄγετε.
414 4035 496 4116 Quia
519 4034 663 4101 solebant
685 4032 807 4110 οἴξΛντο
832 4034 905 4099 dare
924 4035 1098 4099 sententiae
1116 4034 1218 4097 securi
1237 4035 1349 4097 etiam-

158 4167 241 4210 nuno
274 4144 430 4209 dederunt
456 4142 490 4207 τί
514 4140 639 4216 οἴξΑντο
665 4145 696 4206 ού
721 4142 770 4204 τίν
794 4141 952 4217 μέλλοντα
977 4139 1119 4216 σήμαίνει
1176 4138 1218 4202 Εἰ
1241 4136 1349 4217 ἄξοντο

160 4253 289 4338 quidem
315 4271 354 4314 ex
377 4249 478 4314 illotis
501 4249 675 4314 scribarum
699 4247 848 4312 manibus
872 4246 1015 4332 elapsum
1040 4251 1103 4327 est,
1129 4245 1183 4310 sed
1211 4244 1349 4310 δύσοντο

159 4361 255 4445 periit
277 4367 319 4422 Ψ.
346 4353 422 4423 739.
447 4356 504 4420 ubi
527 4355 631 4420 editur
655 4374 695 4418 ex
718 4352 809 4419 libris
832 4354 997 4419 omnibus:

344 4462 399 4526 καῖ
421 4466 445 4548 ῤ’
469 4456 713 4542 ἀπομορξαμένω
738 4460 835 4534 κονίνν
859 4458 998 4524 δύσΑντο
1020 4463 1165 4540 χιτῶνας.
