3308 5090
873 243 915 312 to

293 441 382 528 gitur
404 459 478 526 pag.
500 435 554 504 34.
573 435 605 502 8.
624 444 711 520 turpe
728 443 770 500 eoi
788 439 868 522 quod
876 437 992 522 facitis
1011 439 1161 522 (inquit),
1181 434 1230 500 ἐπὶ
1249 435 1305 511 μὲν
1316 434 1514 515 Κορινθίους

293 545 345 609 καῖ
377 541 547 623 Μεγαρέας
575 542 780 622 ἁρπάσαντας
804 543 846 606 τά
871 537 956 607 θπιιοι
979 543 1181 622 πορεύεσθαι,
1201 543 1353 606 Φίλιππον
1378 541 1403 604 δ’
1438 541 1513 604 ἐοῖν

295 649 401 722 πόλεις
431 649 615 723 Ἑλληνίδας
646 648 927 729 άνδραποδῖζεοθαι.
975 648 1080 736 Turpe
1104 669 1172 714 esse
1194 648 1273 712 dicit
1297 646 1381 733 quod
1404 668 1513 710 nunc

294 758 380 822 cives
402 755 537 832 faciant,
562 776 624 820 non
646 755 731 841 quod
753 758 889 821 maiores
911 761 981 818 ante
1001 755 1151 818 soeculum
1173 754 1330 818 fecissent.
1370 755 1510 816 Adver-

292 883 344 926 ιιιο
365 861 546 938 Corinthios,
568 863 690 947 inquit,
711 867 739 925 et
758 861 950 942 Μοροτονιιοε
960 861 1065 946 fortes
1084 861 1171 936 estis,
1196 859 1334 942 Philippi
1351 859 1510 921 iniuriae

292 990 367 1051 ριτοο
390 974 467 1032 metu
489 967 647 1031 devoratio

337 1178 417 1268 Peg.
451 1177 527 1244 176.
553 1177 606 1243 16.
631 1181 702 1258 πρδο
727 1179 758 1243 δὲ
780 1179 897 1251 τούτοις
922 1179 980 1244 οὐδ’
1004 1179 1066 1247 isin
1088 1180 1140 1260 ἐφ’
1165 1178 1237 1255 ὑμῖν
1260 1178 1321 1243 οὐδ’
1346 1175 1385 1241 θον
1407 1179 1506 1241 cirro-

293 1291 383 1358 εῖναι
422 1291 481 1350 τῶν
514 1289 700 1359 Ἑλληνικῶν
735 1284 900 1363 βούλησθε.
953 1284 1163 1350 Perturbatus
1198 1291 1245 1349 est
1280 1281 1418 1368 simplex
1460 1287 1502 1347 et

294 1396 426 1456 naturae
457 1391 520 1457 loci
555 1411 729 1479 congruens
758 1393 928 1458 verborum
959 1390 1052 1467 ordo,
1085 1393 1141 1476 qui
1170 1390 1223 1454 hio
1254 1395 1321 1454 est:
1352 1387 1414 1453 οὐδ’
1449 1388 1500 1453 ἂν

295 1495 448 1575 βούλησθε
471 1500 623 1572 άποςιῑναι
648 1503 707 1560 τῶν
730 1499 924 1571 Ἑλληνικῶν.
971 1494 1123 1562 Poterant
1145 1494 1368 1582 percommode
1388 1495 1497 1561 verba

294 1604 447 1677 άποςιῖναι
470 1609 528 1667 τῶν
551 1607 736 1677 Ἑλληνικῶν
759 1605 858 1668 etiam
878 1609 949 1687 post
969 1603 1021 1683 ἐφ’
1043 1603 1114 1680 ὑμῖν
1134 1601 1298 1678 collocari,
1320 1600 1375 1665 sed
1388 1621 1496 1686 quam

294 1729 379 1774 nunc
401 1709 507 1775 sedem
532 1709 677 1774 obtinent
698 1711 782 1773 tueri
803 1713 975 1793 nequeunt.
1335 1693 1338 1700 ⁴

341 1814 432 1894 Quod
455 1817 603 1880 continuo
627 1817 788 1900 sequitur:
813 1815 916 1879 πολλοὶ
938 1815 1002 1894 γάρ
1024 1815 1096 1892 ὑμῖν
1116 1815 1149 1877 εἰς
1172 1813 1286 1881 παντὸς
1303 1815 1357 1876 τοῦ
1377 1811 1492 1890 χρόνον

296 1919 474 1999 πέπρακται
507 1921 616 1986 eodem
647 1941 740 1986 sensu
770 1922 892 1985 dietum
922 1925 969 1986 est
992 1941 1054 2006 quo
1077 1919 1209 1986 Fetialis
1234 1921 1430 2007 Argivorum
1454 1920 1492 1981 in

296 2025 459 2111 Euripidis
482 2027 668 2111 supplicibus
691 2027 770 2092 dicit
793 2027 832 2092 ed
860 2025 1020 2091 Theseum
1043 2047 1090 2092 vs.
1117 2024 1191 2090 586.

527 2131 673 2213 πράσσειν
697 2133 734 2197 οὺ
759 2131 852 2197 πάλλ’
876 2131 982 2205 εἴωθας
1007 2130 1025 2208 ἥ
1047 2156 1082 2196 τε
1106 2133 1144 2206 οη
1169 2131 1268 2204 πόλις.

627 2353 722 2409 ΠΕΡΙ
747 2351 846 2409 ΤΩΝ
873 2352 1153 2410 ΟΤΜΜΟΡΙΩΝ.

342 2554 423 2642 Peg.
449 2551 522 2620 179.
553 2552 585 2619 8.
614 2557 638 2619 εἰ
669 2556 726 2633 μὲν
746 2555 872 2634 ἐναργές
891 2565 937 2621 TI
958 2556 1074 2634 γένοιτο
1095 2555 1146 2619 καῖ
1167 2553 1281 2634 σαφές.
1316 2553 1405 2618 Ferri
1426 2573 1489 2618 non

298 2667 401 2746 potest
432 2685 462 2725 τι
494 2661 650 2725 additum.
699 2660 778 2740 Quis
801 2661 907 2728 credat
929 2683 986 2748 pro
1009 2663 1098 2735 δῆλον
1120 2664 1188 2727 sive
1211 2659 1342 2742 φανερὸν
1367 2659 1488 2736 ἐγένετο

297 2765 361 2831 dici
384 2787 474 2853 posse
499 2765 588 2841 δηλθν
612 2791 642 2831 τι
667 2773 723 2832 eut
746 2768 877 2848 Φανερθν
902 2767 956 2833 rc?

343 2977 426 3067 Peg.
458 2976 532 3044 179.
566 2977 597 3044 8.
628 2981 765 3058 ἡγοῦμαι
790 2981 852 3059 γάρ
876 2982 944 3052 τοὺς
966 2980 1128 3055 ’Έλληνας
1152 2979 1177 3043 ri
1202 2979 1259 3055 μὲν
1284 2979 1408 3058 ἐναργὲς
1434 2979 1489 3055 ye'-

298 3107 374 3149 νοιτο
399 3122 440 3132 -
465 3087 503 3156 ὥς
525 3084 678 3161 βασιλεὺς
701 3086 806 3156 αὐτοῖς
830 3086 983 3166 ἐπιχειρεῖ
1001 3085 1053 3149 ιιαδ
1074 3083 1300 3164 συμμαχήσειν
1320 3085 1372 3148 καῖ
1395 3087 1489 3165 χάριν

298 3189 445 3267 μεγάλην
469 3189 560 3269 ἕξειν,
586 3228 628 3239 -
652 3192 677 3255 εῖ
702 3190 729 3254 δ’
753 3190 797 3254 ἔτι
821 3193 936 3264 άδιθλοιι
960 3193 1068 3256 τούτου
1088 3190 1290 3264 καθεςηιιθτος
1315 3213 1488 3268 προαπε-

300 3296 542 3377 χθησόμεθα
568 3299 656 3373 ἡμεῖς
682 3285 765 3361 δέδια
789 3301 832 3373 μη
858 3296 973 3368 τούτοις
994 3299 1066 3374 μετ’
1089 3299 1200 3361 ἐκεῖνον
1221 3305 1368 3373 πολεμεῖν
1389 3298 1490 3374 α’ναγ-

301 3403 470 3479 κασθῶμεν.
522 3399 597 3467 Sine
631 3406 843 3468 controversia
876 3403 1177 3482 προοπεχθηοθμεθα
1212 3409 1395 3487 corruptum
1431 3408 1488 3468 est.

301 3507 385 3588 Quid
419 3508 481 3572 sibi
515 3507 587 3573 vult
617 3510 651 3572 in
682 3507 740 3573 tali
770 3531 803 3574 re
834 3509 1068 3590 άπεχθάνεοθαι
1101 3508 1154 3574 vol
1178 3505 1490 3588 προαπεχθάνεοθαιθ

300 3612 392 3680 Nihil
415 3612 518 3697 plane.
554 3612 703 3699 Suspicor
725 3613 974 3681 Demosthenem
997 3615 1136 3680 dedisse:
1159 3613 1488 3696 προΤπΑχθησθμεθα.

301 3717 457 3803 Compara
478 3739 551 3806 pag.
578 3717 652 3784 188.
679 3723 710 3784 4.
733 3721 802 3786 οὔτε
822 3721 992 3801 Φοβεῖσθαθ
1015 3729 1098 3803 φημι
1118 3722 1178 3787 δεῖν
1200 3721 1278 3801 πέρα
1294 3727 1347 3785 τοῦ
1368 3723 1490 3799 μετρίου

301 3825 360 3889 οὔθ’
394 3825 630 3904 ὑπαχθῆναι
655 3825 812 3906 προτθροος
838 3826 975 3907 ἐκφέρειν
1000 3826 1052 3890 τὸν
1074 3825 1225 3904 πόλεμον.
1266 3825 1419 3905 ’Τπάχειν
1444 3835 1491 3892 est

300 3938 333 3995 ιἰι
358 3931 506 4015 fraudem
540 3932 697 4016 inducere,
733 3941 764 3998 et
800 3931 975 4010 ὑπάγεσθαι
1008 3933 1177 4007 dicuntur,
1209 3936 1266 4019 qui
1296 3941 1352 3998 out
1382 3935 1491 3998 froude

300 4037 408 4122 eliqua
430 4043 486 4101 eut
510 4057 609 4122 provo
628 4038 803 4122 eupiditate
823 4039 863 4104 ad
884 4039 1072 4125 capiendum
1093 4039 1263 4105 consilium
1285 4043 1491 4104 temerarium

301 4141 521 4229 impelluntur.
562 4143 751 4229 Exspectare
771 4145 861 4209 iubet
880 4147 1088 4211 Athenienses
1109 4144 1204 4210 donec
1224 4147 1373 4210 omnibus
1393 4145 1491 4234 Regis

301 4248 435 4314 insidiae
465 4255 594 4335 pateant
624 4255 794 4335 monetque
826 4273 865 4316 ne
893 4257 985 4318 antea
1007 4251 1236 4316 inconsiderate
1259 4259 1292 4316 et
1314 4252 1492 4317 inconsulto

304 4356 343 4423 ad
374 4376 462 4421 armo
488 4356 642 4421 sumendo
665 4355 882 4441 impellantur.
929 4357 1058 4424 Fesellit
1082 4378 1138 4422 nos
1162 4355 1268 4424 Codex
1293 4357 1315 4424 S
1339 4381 1411 4448 pag.
1438 4357 1490 4425 59.

1632 4721 1637 5060 i
