3356 5086
739 327 805 394 263

403 519 436 583 οὐ
460 518 523 598 γὰρ
545 519 653 598 σφῷν
676 541 716 594 γε
740 515 827 595 γένος
852 517 999 584 ἀπόλωλε
1023 521 1145 596 τοκήων.

176 629 360 692 annotatur:
392 624 485 704 χωρὶς
508 627 562 690 τοῦ
586 633 601 688 Ι
627 625 644 700 ἦ
669 628 796 704 σφῶν.
822 625 860 696 oie
886 622 1071 708 ’Λρθςιιρχις
1098 664 1139 676 -
1164 625 1305 698 έτιθτηδες
1331 626 1362 692 δὲ

177 727 362 812 ’Λρθςιιρχος
387 730 592 804 ἀθετουμένων
617 735 675 794 τῶν
700 729 797 808 ςέχων
821 729 872 794 καὶ
898 728 971 796 ἀνευ
995 735 1048 796 τοῦ
1072 741 1084 796 1
1105 731 1190 796 εθιισε
1212 736 1266 806 την
1285 757 1361 811 ype-

175 839 237 916 Φην
267 834 317 900 im
348 837 400 901 uoti
424 841 513 901 τοῦτο
538 835 610 914 πρὸς
633 833 688 907 την
712 835 853 906 ἀθέτησιν
877 835 1040 917 λιιμβάνη.
1088 839 1261 904 Aristonici
1283 837 1361 903 haeo

174 947 258 1006 sunt.
324 941 486 1028 Didymus
521 940 627 1006 addit:
664 941 876 1019 τριηθετνῦντι
910 942 963 1006 aci
999 944 1085 1023 τιιρά
1120 943 1272 1026 Ζηνοδθτῳ
1307 947 1361 1010 xci

174 1047 385 1128 ἈριςοΦάεει.
419 1046 455 1113 ri
485 1071 521 1112 τε
548 1047 611 1128 γὰρ
647 1055 782 1112 cornu
818 1048 878 1126 οὐχ
913 1053 1083 1127 Ὁμηρικῶς
1118 1050 1361 1130 μονντιιλλάβως

174 1153 319 1234 ἐξηνέχθη
344 1151 363 1220 θ’
383 1177 417 1218 τε
442 1150 562 1226 tuerere
587 1159 646 1218 τῶν
669 1151 739 1218 ιείιν
762 1154 815 1218 οὐκ
840 1152 1025 1232 ἀνιιγιιιιῖνς.
1073 1154 1111 1220 In
1133 1157 1184 1222 hia
1208 1157 1292 1243 quod
1312 1157 1362 1222 fir-

172 1261 359 1324 minimum
384 1265 612 1347 argumentum
641 1279 708 1324 esee
731 1258 859 1325 videtur
880 1259 1061 1325 invalidum
1085 1267 1150 1328 eat:
1175 1265 1202 1328 si
1225 1267 1310 1344 σφῶϊ
1331 1266 1363 1328 et

175 1368 231 1430 νῶϊ
259 1363 402 1432 Homero
433 1371 466 1431 et
496 1363 566 1448 σφώ
597 1370 629 1431 et
652 1362 689 1444 ιιῷ
712 1370 884 1449 potuerunt
905 1385 1033 1444 sonare,
1057 1370 1129 1452 quia
1150 1387 1245 1434 eanue
1266 1374 1363 1456 neget

173 1471 284 1536 eodem
315 1474 386 1538 iure
412 1473 517 1549 σφῶϊν
540 1473 574 1534 in
598 1472 685 1551 σφῷν
709 1470 852 1536 contrahi
875 1469 1035 1555 potuisse?
1058 1475 1092 1538 in
1113 1478 1203 1540 tenta
1226 1495 1362 1560 praeser-

172 1578 236 1642 tim
257 1575 490 1642 eiusdemmodi
513 1576 597 1662 apud
620 1574 801 1642 Homerum
824 1577 1017 1657 συνιειρέτεων
1039 1579 1224 1666 frequentia.
1249 1579 1362 1646 Sintne

173 1687 283 1747 autem
306 1689 371 1748 trec
391 1703 520 1755 verene,
542 1701 620 1766 quos
639 1683 784 1746 unanimi
804 1703 955 1748 consensu
974 1689 1037 1749 tres
1058 1683 1170 1750 Oritici
1189 1685 1359 1764 θβέιιισιιν,

173 1787 408 1853 accommodati
440 1788 480 1853 ad
501 1787 564 1852 loci
587 1791 734 1854 naturam
759 1792 792 1852 et
814 1793 1041 1874 argumentum
1065 1809 1106 1854 au
1127 1812 1191 1856 non
1212 1795 1275 1856 sint
1298 1791 1361 1857 alia

172 1895 316 1978 quaestio
349 1899 397 1959 est
425 1895 472 1958 ita
502 1894 669 1958 coniuncta
700 1913 775 1959 cum
805 1895 957 1978 cuiusque
986 1898 1142 1962 sententia
1176 1897 1215 1962 de
1244 1897 1359 1964 horum

173 2001 354 2064 carminum
384 2001 507 2087 origine
538 2003 571 2064 et
601 2000 836 2066 conservatione
867 2004 899 2064 et
929 2004 1174 2085 compositione,
1199 2008 1237 2067 ut
1259 2007 1360 2069 catius

173 2108 219 2169 sit
239 2105 320 2170 hanc
343 2106 590 2172 controversiam
615 2126 653 2170 ex
676 2125 733 2169 suo
757 2108 872 2191 cuique
893 2107 1012 2172 iudicio
1035 2107 1247 2174 dirimendam
1265 2108 1359 2175 relin-

172 2231 285 2296 quere,
317 2213 441 2297 itaque,
455 2213 494 2284 ιθς
525 2209 635 2285 ἕκατον
667 2211 774 2277 {corio
804 2213 899 2278 τεέθει
931 2210 1022 2286 οὕτως
1058 2215 1175 2293 ἐχέτω·
1210 2214 1261 2280 τθν
1296 2217 1359 2296 reip

171 2317 379 2395 ἀντιλέγοντα
411 2317 463 2383 aei
488 2321 706 2400 Φιλινικιῦντιι
729 2317 841 2382 πείθειν
865 2317 895 2384 έν
917 2343 955 2397 γε
980 2326 1043 2392 τοῖς
1063 2321 1206 2394 τοιούτοις
1228 2325 1358 2404 μηχανή

172 2422 236 2491 iera
259 2424 397 2504 οὐδεμίαι.

739 2737 793 2808 lv.

656 2960 871 3018 ΔΙΓΛΜΜΛ.

218 3164 352 3231 Homeri
383 3163 492 3229 Editio
523 3181 542 3228 a
572 3160 717 3227 Beirkero
748 3167 857 3228 curate
887 3161 1013 3227 Bonnee
1046 3155 1133 3226 1858
1165 3182 1358 3248 quamquam

171 3271 364 3360 languidum
387 3291 423 3336 ac
441 3268 539 3334 senile
558 3288 656 3353 opus,
678 3268 737 3334 hoc
756 3272 863 3333 tamen
881 3267 978 3332 habet
995 3272 1119 3352 praeter
1141 3273 1263 3334 caetera
1286 3273 1359 3337 boni

176 3385 211 3445 ut
239 3382 405 3464 antiquam
435 3376 566 3464 linguae
594 3374 784 3440 Homericae
814 3375 941 3440 literam
973 3380 1196 3458 meutiquam
1218 3383 1360 3444 vetustate

173 3498 203 3551 et
231 3485 413 3568 eeyiicmtia
434 3483 571 3567 perierat
600 3481 773 3544 admirabili
803 3479 938 3544 Bentleii
965 3480 1128 3560 aoqodtote
1155 3481 1191 3543 ob
1214 3482 1360 3548 obliuione

173 3590 369 3657 vindicam
393 3611 432 3656 ex
454 3588 552 3677 longo
575 3587 671 3653 exilio
692 3587 820 3652 tandem
845 3589 879 3651 in
901 3585 1073 3652 Homerica
1096 3589 1236 3652 carmina
1259 3589 1360 3654 idest

173 3703 207 3764 iu
236 3700 400 3782 antiquam
430 3697 568 3781 patriam
597 3694 759 3759 reduxth
790 3714 864 3757 cum
895 3691 1074 3757 incredibili
1098 3698 1129 3757 et
1152 3697 1305 3758 sermonis
1327 3701 1359 3760 et

174 3807 266 3870 metri
294 3802 460 3868 Homerici
483 3797 709 3865 emolumento.
757 3795 858 3864 Oaute
881 3797 1053 3863 admodum
1077 3802 1109 3863 et
1133 3800 1359 3884 circumspecte

173 3910 337 3977 Bekirerue
366 3911 401 3972 iu
431 3927 468 3972 ea
497 3927 531 3970 re
560 3911 704 3971 vereatur
735 3909 799 3976 eet.
831 3904 886 3969 sed
915 3907 1015 3969 satius
1038 3909 1086 3969 est
1108 3906 1215 3988 ipsum
1239 3903 1358 3970 audire.

176 4019 316 4096 „Reduci
347 4014 509 4095 diyomma,
541 4013 662 4096 inquit,
695 4013 748 4074 ced
776 4017 917 4095 quantem
942 4017 1076 4093 poteram
1097 4015 1124 4072 et
1146 4009 1253 4073 licebat
1276 4018 1360 4076 caute

172 4122 403 4207 pedetentimque
431 4118 556 4194 reduci,
587 4119 640 4181 red
670 4119 704 4180 ic
734 4119 829 4180 reden
860 4117 967 4180 reduci
988 4139 1081 4189 ειιιηιι,
1102 4115 1251 4198 proditam
1273 4116 1358 4179 iilam

173 4228 344 4316 mcnffoetia
365 4225 512 4308 euticie,
536 4246 594 4288 ιιοιι
617 4229 746 4307 optatam
769 4223 908 4306 cupidate
931 4219 1106 4305 arreptam”.
1157 4220 1304 4286 Arduum
1328 4228 1360 4287 et

173 4356 286 4422 auceps
308 4335 477 4421 negotium
501 4335 549 4396 eet
572 4335 605 4395 et
627 4328 820 4416 periculosae
843 4328 975 4414 pienum
999 4347 1078 4413 opus
1101 4325 1196 4392 aleae.
1244 4325 1307 4406 Qui
1326 4330 1361 4393 in

174 4440 314 4510 Homero
345 4438 465 4505 edendo
495 4433 618 4504 nullam
647 4440 700 4501 τοῦ
726 4435 877 4516 tironiae
902 4437 1058 4502 rationem
1079 4432 1197 4498 habeut
1219 4432 1361 4504 levitatis
