3356 5084
879 325 946 397 490

316 516 565 585 ἀπωλωλέκεσαν
588 519 628 584 de
650 517 808 586 universis
830 516 994 606 Olynthiis
1012 517 1135 584 dietum
1156 519 1326 587 manifesto
1344 515 1509 607 significet

316 625 583 706 ἀπεβεβλήκεοαν
616 625 790 690 omiserant.
856 625 988 692 Poterat
1021 627 1125 714 igitur
1159 624 1224 691 dici
1256 624 1510 692 ἀπωλωλέκεσαν

318 733 376 800 ὑπὸ
403 739 462 799 τῶν
485 728 697 815 προδιδόντων,
720 729 774 796 sed
798 729 933 819 vulgate
957 731 1093 798 absurde
1116 735 1176 800 est.

362 839 539 905 heodem
571 839 728 904 sententis
757 836 852 904 video
879 857 947 904 esse
974 835 1222 918 Monklendum
1255 841 1316 906 oui·
1336 840 1511 908 assentitur

317 943 496 1022 Dobrseus,
520 942 576 1011 sed
598 942 744 1010 Editores
766 963 830 1010 non
853 942 999 1010 audiunt.

727 1191 839 1250 nsoc
859 1189 1100 1249 ΛΕΠΤΙΝΗΝ.

289 1441 293 1450 Ι
365 1364 445 1454 Peg.
481 1361 556 1432 457.
595 1364 647 1433 16.
684 1367 714 1432 έν
747 1366 806 1446 μέν
834 1365 898 1446 γάρ
929 1365 971 1446 τῷ
1004 1365 1128 1445 γροίψαι
1160 1364 1266 1446 μηδέν’
1297 1362 1373 1433 είναι
1409 1369 1512 1443 ἀτελῆ

320 1480 437 1537 TOTC
456 1473 676 1538 ”eonTAc
700 1474 931 1538 'Aoelne‘ro
954 1471 1010 1545 τὴν
1033 1470 1192 1551 ἀτέλειαν,
1216 1510 1260 1523 -
1276 1475 1311 1540 οὐ
1330 1474 1394 1555 γάρ
1415 1474 1513 1541 έκεῖνθ

321 1582 355 1658 γ’
390 1575 484 1647 ένεςιν
516 1579 614 1645 εἰπεῖν
643 1581 682 1650 ὥς
714 1578 767 1644 τὸν
794 1579 887 1644 αὐτὸν
909 1576 1018 1660 τρθπον
1041 1574 1129 1659 θνπερ
1154 1588 1270 1646 TO‘rc
1288 1583 1513 1647 ''exONTAc

324 1683 557 1752 ’ΛΦΕΙΛΕΤΟ
591 1687 647 1763 rio
678 1684 789 1765 δυρεάν
820 1685 963 1764 ἀναξίους
996 1686 1233 1752 ἘΝΟΜΙΖΕΝ
1263 1683 1340 1754 οὗτοι
1371 1687 1424 1754 καί
1460 1688 1513 1754 τὸν

322 1792 417 1870 δῆμον
453 1789 577 1867 ἀνάξιου
610 1791 717 1870 ἡγεῖτο
749 1791 845 1871 κθριον
876 1787 953 1858 είιαι
984 1795 1038 1856 τοῦ
1069 1790 1171 1857 δοῦναι
1201 1791 1255 1860 ε’ἀν
1279 1817 1321 1873 τῳ
1343 1793 1511 1873 βούληται.

321 1895 455 1964 Certum
494 1899 613 1964 vitium
656 1901 742 1963 oerts
782 1897 1001 1964 emendatione
1035 1897 1152 1965 Reislre
1186 1899 1319 1966 sustulit
1353 1905 1513 1986 expunoto

321 2005 490 2085 ἀφείλετο,
513 2001 597 2087 qnod
619 2023 658 2068 ex
680 2002 880 2087 praecedenti
901 2001 970 2069 loeo
993 2003 1148 2072 sdhnssit.
1194 2004 1233 2070 In
1256 2005 1329 2072 eliis
1352 2005 1447 2071 libris
1466 2011 1515 2072 est

322 2107 448 2190 νομίζων
482 2127 539 2194 pro
574 2106 719 2190 ἐνίαιζεν.
766 2108 890 2194 Nempe
924 2111 970 2174 sio
1004 2112 1098 2175 vetus
1132 2114 1288 2177 oorreotor
1322 2111 1515 2195 impeditum

325 2216 493 2284 verborum
524 2215 716 2301 scripturam
748 2219 880 2280 conotus
909 2219 957 2280 est
988 2215 1135 2300 expedire
1162 2236 1225 2283 non
1247 2216 1422 2283 sdmodum
1445 2216 1516 2282 feli-

325 2325 412 2389 citer.
472 2319 531 2386 Eet
564 2340 676 2406 operae
709 2321 851 2407 pretinm
885 2319 967 2386 hene
1000 2321 1203 2388 manifestum
1237 2322 1514 2408 interpolationem

323 2427 495 2516 diligenter
517 2425 781 2496 animadvertere.

367 2635 448 2726 Peg.
481 2634 558 2702 458.
583 2633 635 2701 18.
660 2633 685 2700 εί
708 2633 805 2702 τοίνυν
828 2659 876 2710 τις
901 2635 1090 2714 -έξετιίτειε
1116 2636 1240 2720 πθτερον
1267 2636 1371 2725 [ποτε]
1394 2651 1516 2703 λυσιτε-

322 2741 444 2825 λέςερθν
475 2743 519 2811 ἔτι
550 2742 665 2823 κυρίους
689 2741 747 2818 μέν
770 2741 853 2820 ὑμάς
877 2738 953 2808 εἶναι
978 2751 1034 2818 τῆς
1057 2742 1182 2824 θυρεάς,
1206 2740 1462 2820 ἐξαπατηθέντας
1482 2743 1514 2809 δέ

323 2858 368 2915 Tr
396 2849 450 2915 καί
474 2845 589 2929 Φαθλῳ
610 2848 668 2912 τινί
694 2846 795 2914 δοῦναι
818 2847 836 2925 ἥ
860 2849 923 2914 κτὲ.
968 2849 1032 2916 Pro
1056 2848 1140 2914 δέτι
1164 2851 1200 2914 in
1223 2849 1373 2917 omnibus
1391 2854 1517 2935 praeter

322 2976 423 3022 unum
452 2952 475 3020 S
507 2952 644 3041 legitur:
675 2951 707 3018 δέ
731 2977 816 3019 ποτε.
863 2953 1055 3020 Rectissime
1077 2954 1195 3022 dieitur
1217 2953 1384 3033 ε’ξαπαπάν
1407 2979 1459 3035 τι,
1481 2955 1516 3021 id

321 3067 370 3128 est
392 3061 522 3146 utiquam
536 3058 705 3145 fallaciam
726 3066 859 3140 ιθοιιαεο,
884 3064 922 3126 ut
944 3059 1029 3146 opud
1050 3059 1214 3147 Aristoph.
1238 3061 1326 3125 Ario.
1354 3060 1433 3127 521.

370 3166 514 3245 Λάριπιον
535 3166 562 3230 δ’
584 3161 690 3242 tovos·
713 3163 759 3230 ἔτι
783 3165 835 3230 καί
860 3165 920 3232 νυνὶ
944 3163 996 3230 τθν
1019 3164 1094 3246 χῆν’
1120 3161 1195 3231 θταν
1218 3163 1368 3251 ἐξαπατᾷ
1397 3175 1455 3233 TI.

325 3277 357 3340 et
381 3270 463 3357 opud
487 3269 652 3336 Demosth.
676 3290 750 3359 pag.
777 3268 854 3337 659.
878 3270 909 3338 9.
934 3291 1029 3357 quern
1053 3269 1163 3336 looum
1185 3271 1366 3339 Dindorfins
1393 3272 1515 3340 attulit

325 3376 388 3443 Sed
414 3397 479 3443 non
508 3376 594 3442 ondit
623 3374 689 3441 hoe
714 3377 749 3442 in
776 3375 884 3443 loeurn
908 3381 1065 3443 nostrum.
1112 3375 1240 3444 Revoes
1262 3377 1517 3457 ἐξαπατηθέντας

326 3483 359 3549 δέ
381 3506 497 3561 ποτε,
521 3487 554 3548 et
578 3502 725 3570 expungo
749 3506 825 3548 ποτε
848 3487 884 3550 in
906 3483 1030 3564 πθπερθν
1054 3505 1141 3549 ποτε.
1174 3483 1248 3551 Non
1266 3490 1314 3552 est
1334 3487 1422 3552 enim
1440 3485 1516 3551 huie

324 3589 456 3658 voenloe
477 3588 566 3656 loeus
586 3590 622 3655 in
645 3587 801 3674 bipertito
822 3590 1070 3678 interrogatione
1093 3589 1216 3672 πθτερον
1240 3625 1260 3640 -
1273 3593 1302 3669 ἥ.

369 3798 450 3887 Peg.
483 3794 560 3863 458.
591 3795 647 3862 24.
675 3797 710 3861 έκ
733 3797 791 3876 μέν
814 3801 867 3863 τοῦ
893 3796 1038 3873 πλείονας
1064 3797 1081 3874 ἢ
1107 3805 1238 3880 προσῆκε
1262 3803 1359 3878 τιμῖιν
1381 3799 1516 3872 πολλοὺς

325 3901 358 3974 εὗ
381 3913 476 3972 ποιεῖν
499 3903 693 3985 προκαλεῖσθ’
719 3903 818 3982 θροάς,
847 3902 881 3969 έκ
905 3904 1013 3971 14ποῦ
1037 3905 1143 3983 μηδενί
1167 3905 1267 3984 μηδὲν,
1280 3906 1354 3985 μηδ’
1373 3905 1412 3972 ἀι
1433 3904 1517 3983 ἀξιος

327 4012 344 4098 ᾗ
367 4010 478 4080 διδθναι
499 4010 624 4082 πάντας
647 4009 810 4089 ἀπείρξετε
834 4014 887 4075 τοῦ
908 4014 1150 4094 Φιλοτιμεῖοθαι.
1187 4011 1225 4079 In
1246 4010 1270 4079 S
1288 4015 1405 4079 omisso
1423 4013 1518 4092 μηδὲν

325 4121 448 4208 legitur
477 4119 512 4182 έκ
542 4115 573 4182 δέ
602 4119 655 4182 τοῦ
687 4115 792 4194 μηδενί
824 4115 896 4196 μηδ’
928 4115 966 4182 ἀν
996 4115 1083 4194 ἀξιος
1106 4114 1143 4204 ᾗ,
1166 4120 1251 4185 unde
1273 4120 1431 4207 gravioris
1454 4141 1518 4186 ουτ.

327 4223 471 4312 ruptelne
501 4224 637 4309 suspicio
668 4225 818 4288 nescitur.
865 4221 938 4289 Non
968 4229 1017 4289 est
1048 4227 1206 4311 oppositio
1241 4227 1326 4291 inter
1357 4229 1456 4305 τιμάν
1487 4229 1520 4291 et

327 4331 433 4412 μηδενί
468 4329 562 4409 μηδὲν
599 4327 722 4395 διδόναι.
784 4330 946 4416 Agnosces
981 4349 1091 4400 serem
1128 4333 1358 4417 oppositionem
1390 4333 1427 4398 in
1460 4331 1520 4398 hee

328 4439 499 4524 ereptura:
532 4435 568 4500 ἐκ
596 4435 653 4514 μὲν
676 4437 730 4500 τοῦ
754 4441 979 4501 ιιλειοιυλο
998 4433 1042 4501 Ἢ
1066 4445 1264 4504 Ποοοιιιιε
1285 4440 1382 4518 τιμον
1401 4473 1461 4524 -,
1485 4438 1519 4502 οε
