3304 5090
873 349 943 422 222

306 543 402 612 litera
434 564 456 624 ρ
481 543 627 612 medium
658 569 681 610 u
710 547 845 612 maante.
892 543 984 625 Quod
1013 561 1106 628 saepe
1133 543 1168 606 in
1197 561 1232 608 re
1254 539 1356 606 annili
1379 541 1508 608 bmnm

308 657 371 730 est,
399 657 437 718 ut
459 651 720 718 annotatiuncula
737 651 926 739 marginalis
942 654 978 718 in
997 657 1126 718 textum
1144 651 1311 735 irreperet,
1333 647 1420 713 idom
1441 669 1509 714 usu

307 761 397 824 venit
427 760 461 823 in
491 755 647 824 Strabone
675 777 749 846 pag.
783 756 858 824 lot.
906 753 1021 824 Strabo
1053 757 1193 822 dixerat:
1217 758 1349 821 veratro
1372 755 1430 832 μὲν
1453 750 1507 820 οὖν
1643 794 1644 814 t

309 865 338 930 ἐν
363 865 510 946 σχήματι
535 862 632 943 stares
657 865 723 943 περὶ
746 863 870 930 τούτων.
917 863 955 928 In
979 865 1102 950 optimo
1125 859 1242 928 Oodioe
1264 862 1294 926 A
1317 866 1399 928 tosto
1422 859 1511 926 Kra-

307 989 396 1038 mero
425 971 460 1034 ira
489 971 622 1052 moine
654 991 759 1036 musas
781 972 885 1056 prim
919 969 1042 1036 addidit
1072 968 1168 1050 ὤραίῳ
1196 967 1332 1056 (ὡραῖον,
1364 965 1507 1056 opinor).

308 1077 403 1147 Nono
425 1093 591 1166 perperam
615 1077 744 1144 odibunt·
764 1078 794 1142 ἐν
817 1075 913 1160 ὡραίῳ
937 1079 1084 1159 σχήματι
1107 1074 1216 1157 ρίρηκε.
1355 1087 1358 1098 “

354 1287 413 1354 E'st
441 1291 477 1354 in
507 1287 598 1354 libris
629 1287 760 1354 Graecis
789 1293 822 1354 et
844 1286 985 1373 [reliquis
1015 1291 1047 1352 et
1076 1289 1112 1351 in
1141 1283 1360 1351 Strabonianis
1382 1283 1508 1371 duplex

309 1394 498 1461 mendorum
519 1415 636 1484 genus,
662 1395 746 1480 quod
770 1415 811 1461 en
831 1393 911 1460 Mes.
935 1397 969 1460 in
993 1393 1147 1460 editiones
1170 1412 1280 1458 omnes
1296 1393 1443 1458 manavit
1470 1397 1507 1458 et

310 1502 449 1566 nimium
473 1503 631 1586 patienter
654 1502 693 1567 ab
714 1501 900 1567 Editoribus
920 1501 1083 1567 toleratur.
1119 1498 1335 1566 Obscurantur
1354 1499 1507 1564 ascribis
1645 1492 1646 1514 ¹

310 1629 408 1671 orares
438 1613 576 1682 veteres,
608 1629 685 1693 quas
715 1607 915 1696 ineleganter
943 1607 1124 1691 resolvunt,
1156 1612 1189 1671 et
1217 1607 1336 1692 passim
1367 1603 1509 1690 expletis

311 1712 478 1781 venabulis
502 1717 586 1779 tarto
610 1730 677 1778 usu
695 1719 731 1779 at
751 1731 841 1780 more
864 1713 952 1779 elisis
974 1713 1080 1778 foedos
1103 1717 1136 1778 et
1157 1714 1375 1798 ineptissimos
1393 1709 1508 1776 bintus

310 1822 511 1886 invexerunt.
559 1817 670 1885 Graues
701 1820 789 1905 apud¹
812 1817 1001 1885 Strabonem
1023 1823 1062 1885 ut
1083 1818 1168 1904 apud
1191 1827 1331 1884 caeteros
1353 1817 1508 1883 orabat-ri·
1646 1840 1647 1880 t

311 1944 384 1990 mae
407 1924 485 1990 olim
509 1925 654 2011 fuerunt,
678 1943 814 2012 quarum
837 1945 910 2012 pars
933 1929 1061 1990 tantum
1084 1946 1168 1990 nuno
1191 1930 1343 2011 superest.
1385 1923 1507 2008 Perpe-

311 2034 386 2097 tuae
416 2027 481 2096 lere
507 2036 596 2097 erant
617 2035 652 2097 in
675 2031 786 2098 vooula
812 2031 868 2096 καί
890 2030 969 2109 κᾶν,
994 2033 1101 2109 κάγὼ,
1127 2032 1234 2109 κάκεῖ,
1260 2031 1416 2104 κάκεῖνος,
1443 2052 1507 2093 aa·

311 2136 364 2208 abr
383 2135 523 2216 κίγαίίς
543 2143 619 2203 osii.
639 2144 672 2202 ot
690 2139 724 2202 in
740 2136 882 2203 autiouh's
901 2137 974 2217 alvia
987 2135 1111 2216 τάνδρός
1124 2187 1133 2214 ,
1146 2134 1298 2218 ἅνθρωπος
1310 2136 1505 2216 τάνθρώπου,
1647 2204 1648 2224 ¹

312 2241 450 2325 diripis
481 2243 662 2326 τάδελφοῦ,
694 2245 835 2322 τάγαθὸν
864 2243 1011 2324 τάγαθά,
1044 2245 1174 2320 τάληθὲς
1201 2244 1371 2316 suanam.
1395 2244 1507 2323 τὰκρι-
1647 2249 1648 2256 ’

310 2348 387 2427 Sir,
418 2345 593 2431 τοίδωφορ,
625 2348 830 2431 roiaoixtatv,
860 2346 988 2427 τᾶλλα,
1019 2349 1190 2422 rdrnorln,
1222 2347 1402 2429 ripariarum,
1431 2349 1505 2412 enri-

310 2454 488 2534 πίγρωμμα
521 2454 804 2534 τρίπιγραίμματι,
834 2457 1042 2531 risoribus.
1068 2455 1284 2538 ruspensis,
1308 2454 1505 2534 τάπίχειρα,

309 2561 496 2637 rairrrlnra,
523 2561 702 2634 raimalast.
726 2562 908 2649 similiaque
931 2563 1104 2650 oomplura,
1140 2561 1274 2650 Saepius
1295 2562 1374 2628 haeo
1394 2563 1506 2627 omnia

309 2670 344 2733 in
374 2668 465 2734 bonis
493 2666 658 2734 Strabonis
689 2665 860 2734 Sodioibna
890 2669 1056 2735 emendate
1086 2672 1203 2756 scripta
1227 2669 1446 2756 reperiuntur,
1468 2669 1507 2732 in

310 2773 480 2861 permultis
520 2779 628 2839 tamen
666 2773 817 2840 distinata
850 2774 962 2840 videas
993 2795 1074 2861 quae
1109 2777 1252 2842 contrabi
1287 2774 1387 2842 solere
1423 2777 1505 2840 satis

311 2885 443 2946 oonstet.

354 2985 462 3052 Multo
496 2987 594 3051 etiam
629 2989 737 3071 peiora
770 2991 803 3052 et
837 2989 907 3052 auri
937 2987 1188 3054 molestiorem
1217 2993 1292 3054 sunt
1320 2991 1354 3054 in
1385 2989 1506 3074 quibus

310 3091 388 3158 elisa
419 3091 539 3158 voualis
563 3113 582 3158 a
604 3092 707 3158 soriba
728 3089 853 3159 inficeto
876 3093 1006 3179 expleta
1024 3099 1081 3159 est
1129 3089 1245 3160 Panois
1268 3094 1351 3180 apud
1373 3092 1507 3161 Strabo-

310 3219 385 3264 nem
416 3200 543 3286 paginis
565 3196 706 3286 legimus
730 3200 818 3264 sisai
845 3199 996 3276 ἀνοδίαις,
1025 3199 1113 3265 ἀλλὰ
1137 3198 1217 3276 ἀπό,
1242 3195 1309 3266 alra
1334 3201 1501 3274 ἐπελθεῖν,

311 3304 397 3382 μετὰ
417 3305 545 3383 ἀνδρῶν,
562 3306 647 3382 μετὰ
669 3306 765 3369 niati
786 3309 819 3370 et
837 3304 901 3370 alia
920 3306 1152 3372 eiusdemmodi
1171 3309 1302 3392 passim.
1334 3306 1371 3371 ln
1390 3307 1503 3392 rapido

311 3411 443 3476 flumine
473 3411 624 3475 orationis
654 3409 918 3476 Demosthenioae
951 3414 1061 3498 aequis
1094 3415 1210 3478 animis
1244 3413 1380 3479 audiunt
1413 3413 1501 3493 rapa

310 3515 494 3590 Ἀθηναίων,
529 3515 616 3596 παρὰ
647 3513 855 3596 Ἀλεξάνδρῳ,
888 3519 979 3602 quasi
1009 3517 1087 3584 haee
1115 3539 1271 3605 umquam
1299 3522 1343 3586 sio
1365 3516 1499 3586 Graeco·

310 3643 384 3688 rum
408 3643 461 3688 ore
482 3621 617 3688 rotundo
640 3621 741 3687 offerri
763 3624 950 3708 potuissent.

355 3727 575 3816 alleguntur
596 3728 675 3793 haeo
698 3729 809 3794 omnia
828 3731 947 3813 passim
971 3728 1102 3817 (dixerit
1124 3729 1253 3816 aliquis)
1276 3733 1375 3797 otiam
1394 3734 1429 3797 in
1447 3753 1502 3819 op

310 3839 401 3902 timis
436 3840 469 3901 st
502 3835 734 3919 antiquissimis
767 3830 947 3900 Godioibus.
995 3833 1084 3912 Soio,
1116 3836 1172 3902 ssd
1201 3838 1234 3902 in
1266 3835 1325 3903 tali
1355 3857 1389 3903 re
1418 3837 1502 3904 nihil

309 3942 402 4009 libris
431 3941 512 4008 Mna.
544 3960 611 4006 esse
642 3939 832 4006 eredendum
864 3943 942 4006 satis
972 3942 1137 4008 ostendent
1165 3941 1294 4010 Codices
1314 3947 1501 4028 poetarum,

310 4047 462 4136 Aesobyli
505 4055 538 4114 et
576 4045 741 4133 Sophoclis
781 4045 959 4126 Medioens,
995 4048 1216 4135 Aristophanis
1249 4049 1431 4128 Ravennae,
1465 4053 1504 4117 in

311 4155 427 4240 quibus
450 4173 543 4239 saepe
563 4151 706 4236 vocales,
730 4173 808 4238 quas
831 4153 925 4220 elisas
948 4157 1104 4242 oportuit,
1123 4161 1226 4224 metro
1237 4156 1384 4246 iugulato
1396 4156 1504 4247 exple·

311 4264 361 4324 tas
385 4259 518 4326 videbis.

358 4467 451 4536 Nune
482 4467 611 4560 quidum
641 4469 680 4534 de
711 4487 825 4564 genere
856 4472 916 4538 boo
944 4472 1134 4540 mondoum
1168 4475 1248 4542 satia
1276 4493 1347 4542 esso
1376 4473 1502 4540 diomm
