3348 5086
888 348 955 427 408

303 545 482 620 coniectura
514 545 562 616 est
593 553 626 614 et
656 550 690 613 in
721 552 847 614 textum
879 554 1019 634 recepta,
1048 547 1157 634 paullo
1179 542 1331 624 calidius,
1355 552 1394 613 ut
1416 543 1505 614 mihi

305 657 435 743 quidem
468 658 607 723 videtur.
665 655 813 720 Primum
848 659 924 742 quia
958 656 1166 743 frigidissime
1201 657 1423 739 importunum
1460 678 1502 731 γε

303 765 455 828 inseritur
484 783 573 828 more
605 762 807 828 Branchiano
838 767 870 827 et
905 761 1061 838 aliorum,
1099 763 1155 845 qui
1188 761 1381 845 ubicumque
1416 761 1504 824 rima

305 873 387 936 esset
417 861 523 948 radia
548 868 631 943 δίκην
655 869 737 932 citit
758 869 934 953 riquificcca
957 891 995 946 γε
1021 867 1177 932 addebant
1200 866 1238 932 de
1262 887 1329 932 suo.
1376 865 1503 931 Deinde

305 976 319 1041 ὃ
344 975 447 1054 πατήρ
472 975 564 1047 αὐτὸς
589 972 727 1053 γνναθκά
751 997 803 1052 μοι
827 974 1017 1055 ζητήσει,
1042 978 1080 1056 ut
1097 973 1273 1038 Aristarchi
1291 973 1387 1039 verbo
1407 977 1502 1049 utar,

305 1078 476 1162 νεωτερικθν
500 1082 573 1149 ἐςιν.
610 1079 755 1166 Denique
779 1101 836 1146 cur
858 1080 993 1168 vulgata
1016 1077 1214 1158 γαμέσσεται
1234 1080 1268 1142 in
1288 1080 1505 1164 suspicionem

305 1192 437 1255 vocetur
466 1185 550 1252 nihil
580 1207 692 1253 causae
724 1207 790 1252 esso
821 1186 926 1253 video,
974 1184 1012 1251 ln
1042 1185 1145 1252 forma
1171 1185 1254 1251 nihil
1277 1189 1325 1250 est
1348 1185 1432 1271 quod
1456 1205 1506 1250 re·

306 1294 491 1380 prehendas.
527 1293 688 1358 Homerus
711 1295 745 1359 in
767 1293 948 1380 firturo'(ut
967 1314 1062 1379 supra
1081 1293 1237 1377 vidimus)
1256 1292 1382 1358 dicebat
1399 1290 1506 1356 καλέω

308 1405 341 1467 et
371 1398 513 1464 καλέσσω
537 1403 570 1464 et
594 1398 849 1480 προκαλέσσεται.
901 1397 1060 1465 Similiter
1087 1398 1199 1478 γαμέω
1230 1403 1262 1464 et
1289 1397 1505 1477 γαμέσσεται.

308 1505 356 1572 De
386 1504 617 1593 significatione
650 1505 740 1571 nulla
772 1527 838 1572 esse
862 1510 966 1593 potest
991 1505 1161 1572 dubitatio
1211 1505 1411 1584 [calcearia
1442 1504 1507 1570 hoc

309 1610 375 1676 solo
399 1610 468 1676 loco
492 1609 626 1698 legitur,
651 1613 697 1696 (et
719 1609 881 1690 μάσσεται
905 1633 1029 1698 quoque
1054 1617 1101 1677 est
1124 1608 1215 1682 ἀπαξ
1237 1611 1418 1690 λεγόμενον)
1448 1609 1508 1676 aad

309 1718 444 1783 uerbum
467 1715 561 1802 plane
585 1717 728 1782 eiusdem
750 1721 918 1804 potestatis
941 1740 1004 1785 non
1024 1718 1125 1784 semel
1143 1720 1177 1782 in
1194 1718 1303 1784 eadem
1322 1737 1355 1781 re
1375 1719 1509 1801 ponitur

310 1822 395 1909 apud
417 1822 607 1888 Homerum.
643 1823 735 1888 Nihil
756 1825 889 1890 interest
911 1827 994 1890 inter
1017 1831 1135 1902 γαμεῖν
1164 1829 1196 1888 et
1225 1821 1335 1890 σοι’καδ“
1368 1819 1508 1898 ἄγεσθαι

310 1932 343 1994 et
370 1927 520 2006 ἀγεσθαι,
552 1929 667 1992 danum
696 1932 804 1993 ducere
833 1951 952 1993 acorem
982 1935 1014 1994 ct
1045 1951 1163 1994 ααονενα
1185 1929 1300 1993 ducere.
1344 1927 1508 2005 Ἄγεσθαι

310 2036 414 2121 igitur
442 2039 481 2098 ut
511 2035 686 2112 γαμεῖσθαι
717 2034 801 2120 apud
827 2035 1006 2101 Homerum
1039 2038 1170 2121 ponitur
1199 2056 1255 2121 pro
1280 2057 1396 2098 acorem
1419 2035 1506 2098 dare.

312 2139 526 2206 Luculentum
558 2138 742 2225 exemplum
772 2146 819 2206 est
842 2143 875 2206 in
900 2140 958 2207 Od.
982 2147 1019 2224 Φ.
1044 2139 1120 2207 213.
1144 2142 1201 2207 ubi
1224 2140 1356 2228 Ulysses
1379 2140 1507 2207 duobus

311 2243 459 2312 fidelibus
482 2249 582 2313 servis
606 2247 684 2312 haec
707 2245 892 2332 pollicetur:

447 2352 477 2417 εθ
497 2355 534 2434 χ’
558 2351 610 2418 ὑπ’
636 2351 704 2432 ε’μοέ
727 2377 765 2431 γε
791 2353 858 2446 θεὸς
879 2351 1006 2436 δαμάσή
1029 2361 1184 2434 μνήςήρας
1210 2352 1368 2439 ἀγαυούς,

448 2456 565 2537 ἀξομαι
589 2457 776 2541 ἀμφοτέροις
798 2459 934 2542 ἀλόχους
959 2461 1010 2526 καὶ
1036 2460 1175 2539 κτήματ’
1197 2458 1336 2526 θτάσσω.

358 2562 450 2630 Nihil
468 2566 601 2631 interest
620 2567 703 2631 inter
723 2565 844 2642 Πήλεθς
865 2590 917 2647 μοι
936 2576 1074 2646 γυναῖκα
1094 2567 1311 2645 γαμέσσεται,
1332 2570 1365 2630 et
1384 2562 1504 2644 ἀξομαι

313 2669 498 2751 ἀμφοτέροις
517 2669 669 2751 ἀλόχους,
692 2674 900 2757 quamobrem
918 2679 1060 2740 veterem
1078 2673 1235 2740 librorum
1247 2675 1392 2739 omnium
1405 2675 1504 2758 scrip·

313 2781 419 2842 turam
443 2797 506 2844 non
529 2782 660 2864 tangere
684 2782 752 2843 erat
774 2781 882 2844 satius.

826 3049 987 3120 LXXXV.

568 3227 608 3295 Ol
632 3230 875 3310 ἀπολογούμενοι
899 3231 971 3311 πρὸς
994 3233 1053 3305 τάκ
1075 3233 1243 3309 ἀθετήσεις.

359 3407 504 3476 Iocosum
536 3414 584 3477 est
613 3411 721 3477 videre
752 3431 848 3497 quam
881 3409 1008 3479 levibus
1035 3419 1067 3478 et
1088 3413 1236 3480 lirtilibus
1256 3415 1455 3501 argumentis
1478 3413 1504 3478 cl

313 3513 557 3593 ἀπολογούμενοι
589 3516 661 3598 πρὸς
693 3517 752 3590 τάς
782 3517 940 3593 ἀθετήσεις
966 3522 1158 3607 gravissima
1179 3519 1433 3606 interpolationis
1456 3521 1504 3584 in-

314 3623 397 3688 dicia
427 3622 466 3687 ab
497 3623 680 3690 Aristarcho
709 3623 868 3709 patefacta
898 3623 1019 3691 diluere
1051 3647 1084 3690 aa
1106 3646 1196 3711 posse
1219 3630 1343 3711 putant.
1389 3625 1448 3690 Elst
1471 3627 1506 3690 in

314 3727 406 3794 Iliad.
439 3739 476 3794 Σ.
510 3727 700 3795 444-456.
731 3728 821 3797 locus
843 3731 1012 3798 manifesto
1035 3732 1303 3810 διεσκευασμένος,
1329 3736 1367 3796 ut
1390 3733 1506 3797 acutis-

314 3836 396 3901 sime
425 3836 628 3902 Aristarchus
660 3835 900 3902 demonstravit.
947 3836 1040 3902 Nihil
1068 3839 1151 3904 inest
1173 3841 1208 3903 in
1229 3839 1342 3914 rebus,
1364 3837 1448 3902 nihil
1472 3839 1507 3903 in

313 3942 437 4018 verbis,
472 3942 556 4027 quod
587 3943 683 4009 saciat
713 3942 753 4009 ad
784 3963 853 4008 rem
887 3946 943 4008 aut
965 3943 1106 4010 Homero
1130 3944 1266 4033 dignum
1289 3947 1342 4010 ait.
1388 3942 1506 4010 Versus

233 4137 236 4143 Ι
315 4051 390 4112 sunt
419 4046 573 4124 εὐτελεῖς,
605 4047 714 4134 quales
743 4069 802 4114 nos
828 4069 953 4134 quoque
976 4070 1113 4138 pangere
1135 4050 1223 4116 facili
1246 4049 1379 4116 artificio
1402 4071 1506 4137 posso-

313 4173 397 4217 mus.
424 4151 508 4233 Quid
527 4153 706 4220 Aristarchi
724 4152 943 4221 adversarius?
964 4155 1256 4240 Ἀνακεφαλαέωσις
1277 4153 1374 4242 αὕτη,
1386 4157 1503 4242 inquit.

315 4267 462 4324 KAKssC
485 4255 534 4326 οὖν
558 4259 743 4342 Ἀρέςαρχος
768 4263 882 4326 ἀθετεῖ.
907 4267 970 4334 πῶς
995 4263 1058 4342 γάρ
1082 4265 1134 4328 οὐκ
1158 4261 1273 4329 ἀτοπον
1293 4263 1336 4328 πά
1356 4265 1414 4342 μέν
1436 4261 1503 4343 περὶ

315 4369 369 4430 τοῦ
399 4363 507 4444 γάμον
530 4367 657 4432 παλαιά
678 4391 713 4431 τε
738 4350 811 4434 θντά
835 4367 889 4433 τα)
915 4371 993 4433 πᾶσι
1018 4369 1100 4445 δῆλα
1123 4367 1244 4448 λέγειν,
1268 4372 1387 4436 σιωπᾶν
1410 4369 1443 4434 δέ
1467 4369 1506 4434 δι’

312 4467 326 4542 ὃ
351 4468 450 4550 ήλθεν.
486 4471 548 4553 Qui
569 4475 615 4540 ito
638 4473 717 4540 dicit
740 4476 863 4559 opinari
886 4475 1014 4542 ridetur
1036 4472 1216 4543 Homerum
1234 4476 1311 4543 haec
1331 4497 1394 4544 non
1415 4475 1504 4544 audi·
