3356 5084
866 249 932 322 504

306 441 439 524 ὀρωπίαο
471 442 524 510 καί
557 441 719 523 εὐσεβείας
742 442 800 514 ὀίςε
825 443 876 508 καί
901 448 960 510 τών
984 444 1127 525 πρότερον
1147 442 1360 524 γεγενημένων
1386 442 1493 517 diean-

305 547 414 627 μοίτων
436 550 471 615 τὸ
490 548 669 629 λαμβοίνειν
689 549 772 627 δίκην
793 549 952 632 intexere
973 551 1094 624 ταύτας
1117 550 1175 623 τὰς
1197 553 1325 634 ήμέρας.
1364 548 1496 635 Optime

305 653 487 722 emendavit
510 655 674 722 Dobraeus
696 655 849 738 ἕπέχετε,
873 655 956 742 qued
978 656 1041 723 loci
1064 659 1219 723 sententia
1238 655 1398 746 postulat,
1420 657 1498 740 quia

306 759 344 826 de
368 766 454 828 certa
476 767 509 827 et
531 767 684 848 perpetua
706 761 931 829 consuetudine
954 761 1032 830 haee
1054 763 1214 831 dicuntur.

350 971 430 1059 Peg.
455 969 531 1037 520.
558 969 587 1035 5.
614 970 713 1036 καίτοι
738 969 829 1037 τοῦτό
850 974 885 1051 γ’
909 973 1002 1045 οὐδεὶς
1027 975 1150 1038 πώποτε
1173 970 1278 1040 οόὀένοι
1302 970 1398 1054 φησίν
1421 969 1499 1044 dan·

305 1077 404 1144 κοέναι
430 1077 634 1157 τολμήσαντα
661 1076 738 1162 [οὐδέ
762 1077 949 1167 ποιήσαντα]
977 1080 1006 1143 ἐν
1032 1088 1070 1160 τῇ
1095 1077 1194 1145 πόλει.
1235 1077 1318 1158 Quia
1339 1078 1374 1142 τό
1400 1083 1498 1142 ποιεῖν

305 1185 389 1249 inest
420 1182 450 1248 έν
481 1183 523 1264 τῷ
555 1185 677 1262 τολμᾶν
708 1183 916 1271 frigidissime
947 1190 980 1250 et
1010 1186 1208 1271 ineptissime
1232 1184 1299 1250 οὐδὲ
1321 1184 1498 1260 πονήσαντα

303 1288 421 1355 sciolus
444 1287 561 1375 aliquis
584 1289 622 1355 de
646 1308 703 1355 suo
725 1289 868 1355 inseruit.

350 1397 425 1462 Post
451 1416 552 1482 panes
583 1395 802 1462 scribendum:
834 1395 923 1462 οόλλόο
954 1396 1006 1460 καί
1038 1396 1090 1462 τὸν
1125 1394 1311 1462 ὀιόσίσιοαλον
1345 1393 1496 1477 διέφθειρέ

304 1509 386 1566 MOI
412 1501 486 1590 (non
508 1501 579 1591 μου)
603 1506 658 1569 τοῦ
680 1506 783 1584 χοροῦ.

348 1710 429 1800 Peg.
465 1708 540 1775 521.
578 1708 610 1775 2.
643 1709 687 1775 τόο
722 1712 765 1784 είς
799 1711 854 1790 ἐμέ
876 1750 917 1760 -
940 1709 1151 1790 ήσελμήμένα.
1223 1711 1371 1778 Notenda
1405 1711 1497 1778 verbi

304 1818 417 1884 dorma.
463 1816 512 1882 Ex
542 1817 682 1895 ώσελγής
712 1819 854 1882 nascitur
885 1818 1080 1902 ώσελναίνω,
1110 1823 1152 1882 ut
1176 1816 1378 1911 ὀντιωλαίνω,
1405 1819 1497 1898 eyn·

305 1925 391 2003 αίνω,
424 1922 628 2004 χαλεπαίνω,
653 1923 860 2003 ὀνσμεναίνω,
886 1925 1098 2000 οόκολαεαίνω,
1122 1945 1202 2009 ques
1226 1927 1335 1991 omnia
1357 1925 1496 2009 improbi-

305 2039 392 2098 tatem
423 2030 563 2116 aliquam
595 2028 759 2109 denotant,
782 2052 883 2117 neque
908 2053 946 2096 ex
970 2030 1108 2114 εὔκολος,
1133 2031 1276 2109 εὐμενής,
1300 2038 1397 2114 πρᾷος
1422 2032 1494 2096 sim.

304 2137 480 2224 quidquam
511 2134 733 2201 huiuscemodi
768 2136 937 2206 formatur.
984 2137 1123 2204 Perieeti
1157 2139 1276 2224 passivi
1310 2137 1414 2203 forma
1448 2141 1497 2201 est

304 2264 402 2330 quam
435 2241 525 2308 vides
558 2241 753 2319 ήσέλγήμαιε
787 2262 881 2309 nemo
916 2248 1023 2308 autem
1057 2249 1203 2310 veterum
1238 2245 1329 2311 novit
1358 2241 1495 2310 verbnm

304 2352 465 2429 ώσελγεῑν.
513 2347 714 2433 Quamquam
746 2368 874 2414 summa
898 2354 1001 2415 estet
1025 2348 1223 2416 admirabilis
1246 2351 1281 2414 in
1304 2346 1497 2416 Graecitatis

303 2477 364 2521 usu
395 2457 572 2522 constantia
600 2459 633 2519 et
662 2453 826 2542 analogia,
857 2460 967 2522 temen
997 2460 1072 2521 sunt
1101 2453 1273 2531 nonnulle,
1308 2457 1343 2520 in
1378 2454 1496 2540 quibus

303 2561 473 2640 ώνωμαλία
497 2559 653 2646 quaedam
676 2562 825 2625 cernitur.

352 2668 402 2734 lix
432 2666 543 2746 ὀμννμι
575 2665 732 2732 formetur
764 2667 924 2746 ὀμώμοται
955 2673 987 2734 et
1009 2665 1239 2753 ξυνομώμοται,
1262 2667 1316 2734 sed
1339 2668 1374 2732 in
1400 2667 1498 2752 parti-

305 2777 389 2862 cipio
412 2799 430 2839 σ
452 2776 582 2860 apparet
601 2777 633 2838 et
653 2771 861 2852 ὀμωμοσμένα
879 2773 1035 2840 dicebant.
1071 2773 1261 2855 Παραβαίνω
1280 2774 1378 2839 habet
1396 2795 1497 2852 παρα-

304 2879 471 2961 βέβαμαι,
494 2879 550 2944 sed
568 2878 864 2960 παραβεβασμένος.
902 2879 1088 2959 Ὀμώμοται
1108 2879 1230 2968 legitur
1246 2900 1320 2968 pag.
1346 2877 1424 2944 505.
1441 2877 1495 2944 29.

304 2993 360 3062 τής
391 2987 508 3062 τήλής,
540 2984 570 3049 έν
601 2981 621 3066 ή
649 2982 832 3066 γέγραπται
863 2986 916 3052 καί
949 2987 1111 3066 ὀμώμοται
1144 2984 1213 3074 (ubi
1242 3006 1352 3052 omnes
1373 2989 1499 3072 praeter

304 3114 405 3160 unum
427 3089 646 3170 Studeamus
667 3090 845 3178 exhibent),
864 3098 903 3158 ut
915 3090 999 3178 epnd
1011 3092 1256 3178 Aristophanem
1268 3091 1499 3180 inlaesum:

507 3196 591 3263 τοντί
616 3196 651 3261 τό
674 3199 812 3276 πρᾶγμα
836 3195 1043 3278 πανταχόθεν
1067 3197 1279 3278 ξυνομώμοται

509 3303 566 3368 ώπό
589 3307 648 3368 τών
672 3309 833 3381 γυναικών.

349 3408 561 3495 Partieipium
583 3406 705 3496 legitur
727 3410 812 3494 epnd
830 3408 1078 3477 Demosthenem
1097 3431 1170 3498 pag.
1197 3407 1273 3475 594.
1295 3407 1348 3477 17.
1371 3407 1496 3474 ἐναντία

303 3525 365 3592 τοῖς
389 3513 626 3596 ὀμωμοσμένοις.
650 3519 682 3580 et
704 3535 777 3602 pag.
803 3513 880 3582 754.
904 3513 959 3583 28.
982 3521 1041 3582 τών
1061 3514 1286 3596 ὀμωμοσμένων
1305 3509 1395 3598 ὀρκων
1415 3516 1494 3593 οἱμε-

303 3623 466 3700 λήσοιντες.
513 3619 802 3704 Παραβεβασμένος
837 3621 959 3713 legitur
992 3643 1067 3711 pag.
1102 3621 1180 3691 215.
1213 3622 1246 3689 1.
1277 3623 1307 3688 έν
1337 3621 1395 3700 μέν
1429 3627 1492 3694 τοῖς

302 3726 599 3813 παραβεβασμένοις
623 3723 716 3810 ὀραοις
740 3726 891 3806 ε’μμένειν.
1203 3755 1207 3767 ι

348 3941 428 4029 Peg.
462 3937 537 4005 521.
571 3936 602 4004 7.
634 3934 697 4019 ἔχω
730 3936 761 4003 δὲ
784 3935 890 4016 λέγειν
914 3936 966 4002 καί
992 3936 1134 4019 πονηρίας
1159 3937 1264 4019 ἑτέρας
1289 3939 1491 4016 παμπλνόείρ

304 4048 427 4136 [αὐτοῦ]
447 4084 491 4096 -
507 4044 558 4110 καί
591 4044 786 4121 τολμήματα
816 4047 869 4109 τοῦ
899 4047 1008 4126 μιαροῦ
1041 4044 1148 4109 τούτου
1179 4043 1285 4109 πολλοὶ
1317 4043 1369 4109 καί
1398 4043 1490 4111 δεινοί.

302 4154 374 4221 Non
404 4151 565 4218 intellexit
593 4147 768 4218 Graeculus
799 4148 940 4230 πονηρίας
972 4153 1025 4214 τοῦ
1057 4155 1167 4231 μιαροῦ
1194 4150 1301 4217 τούτου
1325 4153 1492 4217 coniuncte

302 4280 369 4326 esse
390 4261 423 4324 et
445 4257 654 4344 frigidissime
677 4255 772 4322 αὐτοῦ
797 4258 932 4322 inseruit
952 4242 990 4322 de
1013 4277 1080 4323 suo.
1123 4255 1233 4323 Mutat
1257 4258 1352 4323 αὐτοῦ
1374 4261 1409 4324 in
1433 4254 1491 4325 Oo-

301 4363 426 4430 dieibus
447 4361 571 4440 lecum,
596 4361 681 4448 quod
705 4361 785 4429 solet
807 4383 875 4430 esse
897 4363 1019 4432 fraudis
1042 4361 1210 4430 indicium.
