3348 5086
721 321 788 388 423

338 511 449 580 δύσετό
470 513 500 577 τ’
524 511 621 587 ἠέλιος
645 511 702 577 καί
723 536 766 590 με
788 512 909 592 γλυκὺς
934 510 1026 586 ὕπνος
1051 513 1171 589 οὶνιῑκευ.

201 617 386 686 Scholium:
420 616 604 698 Ἀοιςαρχος
635 615 753 697 ricimer
786 627 1001 696 ΔΕΙΛΕΤΟ,
1033 614 1051 684 t
1079 619 1141 688 ἒςιν
1173 620 1216 692 εἷς
1246 619 1348 696 δείλην

157 726 301 792 ἐκλίνετο.
328 725 405 803 ..πρὸ
425 723 546 800 δυσμῶν
565 723 628 802 γὰρ
651 722 756 812 (φησὶ)
779 724 929 805 συνέτυχε
949 735 988 806 τῇ
1011 723 1183 810 Ναυσικάᾳ
1202 727 1215 790 t
1235 725 1347 792 Ὀδυσ-

157 835 234 906 σεύς.
261 829 313 898 ὅτε
337 831 400 911 γὰρ
424 828 474 894 tto
498 829 512 894 t
536 828 619 907 ἥλιος
645 827 715 895 τότε
741 830 785 903 εἷς
809 830 844 895 τὸ
864 829 959 905 ἄλσος
980 829 1122 912 ἔφθασαν
1141 839 1197 908 τῆς
1216 834 1347 910 Ἀθηνᾶς

156 935 234 1006 οὗτοι
256 940 297 1011 ὥς
321 937 375 1002 καὶ
398 936 412 1001 t
435 938 578 1012 τοικτήο·
606 933 647 1023 (ζ.
674 932 753 1024 821)

315 1043 426 1112 oteres
447 1044 477 1108 τ’
500 1040 598 1118 ἠέλιος
621 1040 674 1107 καὶ
698 1041 742 1106 τοὶ
768 1041 880 1107 κλυτὸν
903 1040 998 1115 ἄλσος
1024 1040 1150 1108 ἵκοντο.”

199 1149 320 1217 Merito
350 1152 385 1216 in
414 1150 466 1215 his
494 1147 699 1213 Aristarchus
728 1146 890 1214 haerebat.
936 1134 1072 1214 Δύσετο
1090 1147 1207 1226 ἠέλιος,
1237 1151 1272 1217 id
1302 1157 1351 1219 sat

155 1256 170 1320 ὅ
196 1253 277 1331 ἥλιος
306 1253 377 1333 tto,
402 1253 530 1328 κατέδυ,
559 1257 592 1320 et
615 1254 763 1333 ὁμηρικῶς

474 1357 589 1426 κατέδυ
612 1359 756 1438 λαμπρὸν
779 1356 863 1438 φασι
887 1359 1011 1437 ἠελίοιο,

154 1466 274 1534 dicitur
296 1488 398 1554 quum
422 1467 608 1533 oboriuntur
629 1465 795 1542 tenebrae,
816 1468 855 1530 nt
876 1466 910 1529 in
932 1467 1102 1532 notissimo
1125 1486 1236 1534 versu:

359 1572 468 1638 tricare
491 1570 523 1635 δ”
542 1571 639 1645 ἠέλιοι
662 1570 807 1636 σκιόωντό
829 1594 866 1635 τε
889 1575 990 1636 πᾶσαι
1013 1571 1135 1650 ἀγυιαί.

154 1685 188 1746 et
213 1679 424 1746 manifestum
455 1681 504 1743 est
531 1675 619 1742 hand
645 1678 694 1742 ita
718 1675 824 1742 multo
847 1683 920 1762 post
940 1678 1110 1745 meridiem
1132 1679 1284 1768 Ulyssem
1307 1704 1346 1750 sx

78 1833 89 1846 .
154 1806 266 1854 somno
289 1806 356 1852 esse
379 1786 565 1851 excitatum.
615 1781 706 1863 Quod
731 1787 841 1848 autem
864 1787 1007 1870 reposuit
1027 1785 1146 1850 δειλοτο
1169 1807 1290 1854 novum
1314 1797 1346 1856 et

154 1893 338 1958 inauditum
367 1891 503 1957 verbnm
527 1890 666 1955 estsine
689 1895 836 1966 auctore,
860 1892 928 1956 sine
951 1895 1032 1957 teste
1054 1890 1132 1956 ullo.
1179 1892 1283 1960 Nemo
1305 1917 1345 1962 ex

155 2003 203 2064 tot
225 1997 449 2086 grammaticis
470 2005 503 2061 et
526 1991 656 2061 Oriticis
678 1993 795 2059 οειλετο
817 2015 908 2061 nosse
928 1995 1073 2072 videtur,
1093 2017 1188 2063 nemo
1206 2019 1345 2068 comme-

153 2110 277 2190 morat,
308 2107 434 2189 praeter
462 2121 566 2166 unum
598 2099 824 2186 linetathium,
854 2103 911 2186 qui
936 2101 1058 2167 scholia
1078 2107 1186 2169 nostra
1207 2104 1346 2173 habebat

153 2216 187 2275 et
215 2209 291 2275 inde
320 2209 438 2273 sumsit
468 2227 542 2295 pag.
571 2204 669 2272 1580.
696 2203 749 2271 18.
772 2207 873 2286 Φασὶν
896 2207 922 2272 ον’
946 2208 1074 2272 παλαιοὶ
1097 2210 1137 2280 ὥς
1159 2208 1344 2294 Ἀρίςαρχος

153 2317 186 2381 οὐ
218 2315 336 2395 γράφοι
368 2313 514 2380 δυ’σετο
542 2311 632 2377 cast
664 2311 846 2390 διείλετο,
871 2309 971 2382 itera
994 2313 1038 2386 sic
1062 2311 1146 2378 to'rrr
1167 2315 1341 2384 ἀπέκλινεν.

154 2424 187 2486 et
216 2418 452 2508 Etymologom
483 2439 641 2506 magnum
671 2438 747 2506 pag.
780 2416 857 2483 209.
891 2417 922 2484 6.
953 2417 1096 2484 δύσετο
1127 2419 1153 2484 δ’
1187 2423 1340 2496 sititor:

154 2528 246 2608 ἐχρῆν
271 2511 465 2592 oelaeio
489 2525 533 2597 εις
557 2524 659 2599 δείλην
683 2522 813 2604 ἐτρατκ.
838 2523 939 2606 ἡμέρα
961 2524 1024 2605 γὰρ
1049 2521 1082 2599 ἦν
1106 2525 1162 2592 ἔτι.
1231 2606 1237 2618 .

197 2633 344 2700 Fortasse
370 2633 494 2698 minore
515 2629 684 2696 molimine
706 2631 804 2696 verba
825 2635 938 2716 poetae
961 2631 1103 2717 expediri
1125 2638 1158 2698 et
1181 2633 1343 2701 emendari

154 2745 296 2825 possunt.
342 2738 401 2804 list
422 2737 600 2804 Aristarchi
623 2738 786 2803 annotatio
810 2736 850 2803 ad
872 2735 965 2802 iliad.
991 2745 1029 2802 H.
1054 2736 1131 2802 465.

335 2843 443 2909 tricare
466 2841 493 2908 b*
518 2841 635 2918 ἠέλιος,
659 2840 804 2931 τετέλεςο
827 2842 859 2908 δὲ
882 2841 984 2922 resec
1007 2841 1157 2924 Ἀχαιῶν.

198 2951 415 3017 Aristonicus:
448 2950 648 3026 σημειοῦνταί
677 2972 757 3022 τινες
788 2943 833 3014 ὅτι
858 2949 926 3014 αντὶ
951 2953 1005 3014 τοῦ
1037 2948 1186 3016 ἐδύετο.
1233 2951 1344 3020 Altera

155 3061 201 3124 est
220 3056 454 3124 animadversio
474 3055 651 3122 Aristarchi
670 3055 710 3122 ad
729 3053 786 3120 od.
810 3064 844 3119 Z.
865 3053 942 3121 321.
965 3054 1111 3120 δύσετό
1133 3058 1164 3120 τ’
1188 3057 1344 3134 sittace:

154 3169 245 3229 NTN
278 3161 351 3243 πρὸς
381 3162 503 3240 δυσμὰς
536 3160 710 3227 ιὀτέκλινεν.
744 3161 859 3241 ἡμέρας
889 3162 952 3241 γὰρ
980 3160 1025 3226 ἔτι
1052 3161 1141 3237 οὔσης
1166 3163 1341 3248 εἰσέρχεται

154 3267 334 3342 Ὀδυσσεύς.
367 3269 446 3351 παρὸ
477 3268 529 3332 καὶ
562 3269 668 3349 ἀχλὺν
701 3269 785 3349 αὐτῷ
820 3275 973 3350 καταχεῖ.
1021 3267 1083 3334 Sed
1118 3290 1180 3355 quo
1215 3271 1345 3337 tandem

153 3381 246 3462 pacto
278 3376 405 3454 δύσετο,
439 3375 523 3460 quod
546 3395 671 3460 semper
693 3379 741 3440 est
765 3373 888 3450 οοοίαἱν,
912 3391 997 3440 nuuc
1018 3378 1136 3461 poterit
1158 3396 1225 3441 esse
1247 3399 1345 3458 cerpe-

154 3483 202 3548 tat
233 3485 276 3548 cd
303 3481 460 3548 orcarum?
493 3479 616 3546 Actum
643 3482 704 3546 erit
727 3480 766 3546 de
789 3481 878 3544 omni
901 3499 977 3545 sana
999 3475 1258 3566 interpretatione
1281 3484 1345 3548 nisi

154 3589 196 3655 rai
228 3588 315 3656 αὐτοὶ
347 3587 413 3667 περὶ
445 3593 504 3652 τῶν
528 3586 627 3651 αὐτῶν
651 3586 797 3651 dicentur
820 3591 852 3650 st
874 3587 1045 3672 perborum
1066 3591 1238 3672 potestates
1260 3587 1345 3673 apud

154 3699 341 3782 scriptorem
365 3699 489 3760 certum
511 3684 614 3758 certae
637 3696 670 3758 et
691 3689 823 3758 stabiles
846 3699 948 3757 erunt.
996 3690 1080 3772 Quid
1103 3689 1225 3779 igitur?
1260 3691 1345 3758 Reli-

154 3823 256 3889 qunm
275 3805 380 3867 estut
400 3804 492 3867 vetus
511 3797 666 3864 mendum
686 3799 865 3886 corrigatur
882 3804 915 3863 et
934 3799 1024 3863 sieri
1037 3797 1167 3871 διηνεκὲς
1178 3798 1344 3879 φυλαχθῇ.

153 3908 290 3975 Exemta
323 3925 388 3972 una
419 3903 550 3972 liternla
586 3905 690 3970 omnis
720 3905 782 3969 erit
813 3902 941 3970 sublata
968 3901 1149 3969 difficultas.
1195 3901 1344 3989 Suspicor

153 4013 233 4080 olim
255 4013 370 4080 fnisse:

579 4124 725 4185 ΔΤΕΤΟ
749 4115 779 4184 τ’
803 4115 912 4195 ἠέλιος.

154 4227 239 4315 qnod
262 4227 438 4293 rectissime
461 4225 527 4307 περὶ
552 4224 654 4300 δείλης
677 4225 794 4305 croire
819 4224 938 4291 dicitur
956 4225 1068 4292 statim
1087 4227 1159 4311 post
1177 4223 1346 4294 meridiem

153 4334 348 4419 incipientis.
394 4331 501 4399 Facile
529 4334 637 4418 potuit
667 4329 756 4397 δύετο
779 4333 815 4396 in
838 4330 948 4396 δύσετο
969 4331 1066 4405 abire,
1078 4336 1267 4416 praesertim
1289 4335 1347 4400 ubi

153 4440 283 4508 subesse
301 4442 426 4526 poterat
444 4437 551 4523 aliqua
570 4437 609 4504 de
628 4443 731 4505 metro
747 4436 907 4504 dubitatio
924 4441 957 4505 et
971 4440 1191 4506 controversia
1219 4439 1343 4522 Δύομαι
