3348 5086
711 383 776 450 409

143 581 250 642 terum
280 575 336 641 sed
367 573 502 640 Vulcani
532 577 639 662 gratia
668 573 786 640 Thetin
819 573 983 640 induxisse
1017 574 1186 639 dicentem.
1246 573 1337 653 Quod

144 687 211 748 erat
235 681 321 748 dieto
343 701 422 767 opus
446 681 563 746 diserte
587 681 711 747 dictum
735 685 800 758 est,
824 684 863 746 ut
885 681 1088 747 Aristarchus
1111 680 1258 746 ostendit.

188 788 357 876 leguntur
388 788 610 854 inriuscemodi
641 787 934 867 άνακεφαλαιόσεις
968 791 1000 852 et
1031 787 1126 866 alibi,
1151 787 1206 854 sed
1230 806 1339 852 omnes

145 895 349 961 Aristarchus
385 897 507 981 spurius
543 900 576 960 et
611 894 668 959 ὑπὸ
703 901 760 960 τῶν
796 893 1005 962 διασκευατῶν
1039 896 1169 980 antiqno
1204 893 1339 960 carmini

145 1003 245 1068 serius
268 1002 405 1094 insertas
431 1021 498 1067 asse
523 1002 640 1068 docuit.
687 1001 738 1066 Ad
762 1000 854 1067 Iliad.
879 1013 917 1067 λ.
943 1000 1020 1067 365.

327 1107 445 1173 ιοῖσόα·
471 1104 504 1170 τό
525 1103 543 1182 ἦ
566 1131 611 1174 τοι
635 1111 741 1173 ταῦτα
766 1106 857 1189 ιιδιιόη
881 1107 976 1174 πάντ’
1001 1107 1154 1192 άρορεόως

144 1214 322 1280 rectissime
352 1214 491 1280 iudicat:
516 1210 562 1280 ότι
587 1221 795 1294 ταλιλλορεΐν
819 1216 1007 1298 ταρῄτηται.
1033 1212 1189 1296 ἀλλότριοι
1214 1211 1290 1296 άρα
1313 1216 1339 1280 οἱ

145 1319 359 1403 ἐπιφερόμενοι
390 1318 475 1400 rixae
508 1318 618 1386 εἴκοσιν
650 1321 742 1386 ἓττά.
790 1322 863 1389 Non
890 1321 1004 1387 desunt
1027 1323 1083 1407 qui
1106 1321 1340 1405 contradicant,

144 1447 283 1512 qnorum
315 1447 415 1504 unus,
447 1425 593 1513 lepidum
623 1431 736 1514 caput,
768 1427 918 1510 ῥητορικός
950 1426 1004 1504 ὢν,
1029 1429 1153 1513 inquit,
1175 1428 1189 1493 ό
1213 1427 1340 1502 τοιητης

144 1533 197 1597 καὶ
222 1534 334 1614 τρόπον
360 1533 664 1614 άνακεφαλαιιόσειις
689 1533 875 1611 βουλόμενος
901 1531 1022 1610 διδάξαι
1048 1534 1131 1612 ἡμᾶς
1155 1533 1262 1601 ταύτά
1281 1531 1342 1599 τά·

143 1653 190 1704 λιν
224 1639 260 1717 ἐξ
293 1641 394 1720 dextr
428 1636 577 1715 διέξεισιν.
623 1641 785 1729 Agnosces
809 1640 946 1707 eundem
969 1641 1134 1708 bominem
1156 1641 1196 1706 ad
1219 1639 1278 1706 Od.
1301 1645 1340 1720 ψ.

145 1744 223 1811 310.
255 1746 408 1828 ῥητορικὴν
438 1752 572 1811 ποιεῖται
596 1746 873 1829 ἀνακεφαλαίωσιν
895 1755 952 1822 τῆς
977 1746 1143 1820 ὑποθέσεως
1167 1745 1219 1810 καὶ
1241 1747 1341 1810 ἑτιτο·

144 1854 205 1930 μην
236 1861 293 1927 τῆς
322 1851 518 1924 ’οδνσσεόας.
547 1855 649 1925 καλῶς
673 1855 753 1934 (imo
776 1873 851 1921 vcro
875 1857 996 1928 κακῶς,
1021 1855 1177 1938 utsupra
1200 1852 1341 1917 diximus

144 1965 177 2024 et
205 1959 413 2024 manifestum
445 1953 577 2043 θο1)οὗν
602 1959 744 2035 erarem
767 1961 952 2040 Ἀρόςαρχος
977 1958 1048 2031 τοὺς
1071 1959 1236 2040 τριάκοντα
1259 1964 1340 2038 τρεῖς

146 2065 292 2154 (τόκους).
338 2065 422 2130 Nata
445 2070 520 2130 sunt
544 2069 652 2132 omnia
673 2066 895 2132 huiuscemodi
920 2065 1137 2131 additamenta
1161 2086 1261 2150 quum
1286 2085 1338 2130 an·

144 2174 235 2258 tique
265 2170 373 2238 Ionica
402 2173 544 2237 carmina
573 2174 710 2258 carptim
741 2177 774 2238 et
805 2170 959 2250 σποράδην
990 2170 1169 2237 volitabant
1199 2193 1256 2257 per
1286 2189 1341 2238 ora

143 2281 301 2346 virorum.
358 2277 573 2364 Posteaquam
607 2280 643 2343 in
675 2299 778 2344 unum
814 2277 945 2344 collecta
979 2282 1012 2342 et
1045 2277 1153 2342 ordine
1188 2276 1342 2363 disposita

146 2390 221 2450 sunt
254 2385 355 2450 otiosa
377 2383 455 2450 haec
476 2387 508 2450 et
529 2405 761 2471 supervacanea
783 2383 939 2449 debebant
961 2383 1079 2467 videri,
1098 2382 1168 2460 sed,
1194 2389 1232 2448 ut
1255 2384 1342 2450 Aris·

146 2491 275 2557 tnrcbus
305 2488 449 2575 loquitur
479 2492 513 2556 in
542 2492 715 2557 Aristonici
746 2490 957 2576 praefatione,
989 2490 1032 2554 τά
1062 2488 1224 2568 ποιήματα
1248 2489 1279 2554 ἐν
1301 2498 1340 2570 τῇ

147 2595 236 2674 τάξει
268 2595 492 2676 διημάρτηται,
524 2602 557 2663 et
588 2598 643 2682 qui
675 2617 711 2662 ea
740 2599 883 2682 primum
913 2597 948 2660 in
978 2616 1080 2660 unum
1102 2594 1205 2661 veluti
1229 2616 1343 2682 eorpus

148 2703 338 2793 redegerunt
366 2705 544 2789 promiscue
576 2704 683 2768 omnia
713 2705 843 2787 antiqua
871 2707 903 2768 et
925 2703 1116 2778 recentiora,
1142 2704 1284 2789 genuina
1309 2705 1341 2767 et

150 2810 300 2876 additicia
329 2809 436 2874 πάντα
466 2809 525 2874 derb
555 2809 633 2887 μίαν
655 2807 794 2873 Μύκονον
817 2810 1092 2892 consarcinarunt,
1118 2807 1216 2874 donec
1241 2809 1258 2882 η
1282 2815 1342 2874 τῶν

150 2915 290 2996 άρχαόων
321 2911 421 2994 λόγον
446 2915 541 2998 κρόσις
565 2916 696 2980 ἐλόοῦτα
720 2911 828 2980 πάντα
853 2912 1061 2991 διεκόσμησεν.
1109 2913 1188 2995 Quia
1209 2915 1342 3002 negabit

151 3019 284 3088 onnon
314 3027 457 3107 veteres,
491 3025 590 3088 etiam
614 3023 760 3088 omnium
783 3022 977 3107 principem,
1003 3021 1033 3085 ἐν
1058 3029 1120 3092 τοῖς
1145 3021 1230 3086 κατά
1254 3022 1342 3103 μέρος

150 3147 389 3211 nonnumquam
420 3125 558 3193 errasse?
601 3128 673 3193 Non
701 3127 848 3212 equidem
872 3125 996 3211 hercle;
1019 3148 1121 3212 neque
1144 3129 1189 3192 sic
1211 3126 1343 3194 illorum

151 3236 276 3320 scriptis
305 3232 462 3298 utendum
494 3233 630 3299 arbitrer
652 3237 689 3298 ut
711 3235 745 3296 in
767 3231 900 3298 illorum
922 3233 1019 3298 verba
1043 3235 1186 3298 iuremus
1211 3241 1243 3298 et
1271 3232 1343 3298 illo-

151 3361 222 3405 rum
246 3340 450 3425 opinionibus
477 3340 626 3405 omnibus
649 3341 750 3425 inepti
780 3338 1034 3422 subscribamus,
1067 3339 1122 3404 sed
1152 3337 1343 3403 utiliorum

152 3446 335 3533 exemplum
370 3448 538 3512 imitemur
573 3451 605 3511 et
637 3445 721 3530 quod
748 3447 787 3512 ab
815 3445 881 3510 iliis
908 3445 1066 3531 praeclare
1087 3451 1135 3512 est
1157 3444 1344 3511 inchoatum

153 3558 308 3638 quantum
331 3551 462 3638 quidem
486 3551 554 3618 fieri
578 3555 683 3638 potest
705 3573 762 3618 nos
785 3549 999 3638 perficiamus.

658 3759 837 3827 LXXXVI.

618 3948 756 4028 Σειρῆνες
782 3959 879 4011 uum.

196 4091 238 4150 N.
263 4075 318 4149 66.

357 4195 431 4254 τοῖιν
455 4187 479 4252 δ’
503 4185 581 4267 ἔγνον
605 4187 731 4270 τρόσόεν
756 4187 881 4265 Ὀϊλῆος
901 4183 1006 4272 ταχὺς
1033 4185 1123 4264 Aine.

197 4295 414 4362 Aristonicus:
449 4297 465 4371 ἡ
497 4294 592 4371 διπλῆ
624 4296 696 4375 τορὸς
728 4297 763 4362 τὸ
796 4295 895 4362 δνῖκδν
927 4305 1059 4379 σχῆμα,
1094 4300 1110 4374 ἡ
1143 4297 1174 4363 δὲ
1200 4299 1346 4384 άναφοριδ

154 4402 224 4483 τρός
250 4402 293 4468 τά
318 4399 384 4481 περὶ
410 4407 468 4466 τῶν
494 4404 638 4482 Σειρήνων
662 4401 759 4476 νηάινν
784 4405 959 4485 Σειράνοιΐν,
985 4401 1030 4469 ότι
1055 4405 1069 4469 ό
1094 4403 1185 4484 λόγος
1210 4407 1248 4481 eir
1279 4408 1346 4489 τερ)

154 4507 215 4578 δάν.
255 4506 414 4574 Mendum
440 4508 542 4574 iubis
563 4510 680 4575 subest.
704 4507 885 4578 Dindoriins
909 4511 948 4577 de
970 4510 1168 4578 Lachmanni
1190 4517 1347 4584 sententia
