<?xml version="1.0" encoding="UTF-8"?>
<!DOCTYPE html PUBLIC "-//W3C//DTD XHTML 1.0 Transitional//EN"
    "http://www.w3.org/TR/xhtml1/DTD/xhtml1-transitional.dtd">
<html xmlns="http://www.w3.org/1999/xhtml" xml:lang="en" lang="en">
 <head>
  <title>
</title>
<meta http-equiv="Content-Type" content="text/html;charset=utf-8" />
  <meta name='ocr-system' content='tesseract 3.04.00' />
  <meta name='ocr-capabilities' content='ocr_page ocr_carea ocr_par ocr_line ocrx_word'/>
</head>
<body>
  <div class='ocr_page' id='page_1' title='image "./miscellaneacrit00cobegoog/miscellaneacrit00cobegoog_0294.png"; bbox 0 0 3356 5086; ppageno 0'>
   <div class='ocr_carea' id='block_1_1' title="bbox 714 395 780 469">
    <p class='ocr_par' dir='ltr' id='par_1_1' title="bbox 714 395 780 469">
     <span class='ocr_line' id='line_1_1' title="bbox 714 395 780 469; baseline 0 -1"><span class='ocrx_word' id='word_1_1' title='bbox 714 395 780 469; x_wconf 76' lang='lat'>2¹78</span> 
     </span>
    </p>
   </div>
   <div class='ocr_carea' id='block_1_2' title="bbox 61 589 1335 4489">
    <p class='ocr_par' dir='ltr' id='par_1_2' title="bbox 144 589 1335 1739">
     <span class='ocr_line' id='line_1_2' title="bbox 150 589 1335 672; baseline 0.006 -16"><span class='ocrx_word' id='word_1_2' title='bbox 150 591 243 672; x_wconf 72' lang='grc' dir='ltr'><strong><em>δῆμον</em></strong></span> <span class='ocrx_word' id='word_1_3' title='bbox 274 591 350 670; x_wconf 82' lang='grc' dir='ltr'><strong><em>όμοῦ</em></strong></span> <span class='ocrx_word' id='word_1_4' title='bbox 380 595 548 659; x_wconf 81' lang='grc' dir='ltr'><strong><em>σειλεῦντοο.</em></strong></span> <span class='ocrx_word' id='word_1_5' title='bbox 579 594 612 657; x_wconf 88' lang='lat' dir='ltr'>et</span> <span class='ocrx_word' id='word_1_6' title='bbox 642 599 679 657; x_wconf 81' lang='grc' dir='ltr'>Φ.</span> <span class='ocrx_word' id='word_1_7' title='bbox 710 589 743 656; x_wconf 88' lang='grc'>8.</span> <span class='ocrx_word' id='word_1_8' title='bbox 775 591 806 663; x_wconf 74' lang='lat' dir='ltr'>e</span> <span class='ocrx_word' id='word_1_9' title='bbox 837 589 979 669; x_wconf 80' lang='grc' dir='ltr'><strong><em>πισκμδν</em></strong></span> <span class='ocrx_word' id='word_1_10' title='bbox 1001 595 1161 659; x_wconf 78' lang='grc' dir='ltr'><strong><em>εειλεῦντο.</em></strong></span> <span class='ocrx_word' id='word_1_11' title='bbox 1207 591 1335 664; x_wconf 75' lang='lat' dir='ltr'><strong>Similes</strong></span> 
     </span>
     <span class='ocr_line' id='line_1_3' title="bbox 148 695 1334 786; baseline 0.004 -24"><span class='ocrx_word' id='word_1_12' title='bbox 148 695 270 764; x_wconf 84' lang='lat' dir='ltr'>formae</span> <span class='ocrx_word' id='word_1_13' title='bbox 294 700 411 765; x_wconf 79' lang='lat' dir='ltr'>Atticis</span> <span class='ocrx_word' id='word_1_14' title='bbox 433 704 508 765; x_wconf 86' lang='lat' dir='ltr'>sunt</span> <span class='ocrx_word' id='word_1_15' title='bbox 530 697 708 783; x_wconf 75' lang='lat' dir='ltr'>permultae</span> <span class='ocrx_word' id='word_1_16' title='bbox 731 705 900 774; x_wconf 82' lang='grc' dir='ltr'><strong><em>κοιτειλεῖν,</em></strong></span> <span class='ocrx_word' id='word_1_17' title='bbox 925 707 1088 778; x_wconf 72' lang='grc' dir='ltr'>περιειλεῖν</span> <span class='ocrx_word' id='word_1_18' title='bbox 1110 703 1189 765; x_wconf 88' lang='lat' dir='ltr'>caet.</span> <span class='ocrx_word' id='word_1_19' title='bbox 1212 701 1245 765; x_wconf 84' lang='lat' dir='ltr'>in</span> <span class='ocrx_word' id='word_1_20' title='bbox 1264 704 1334 786; x_wconf 89' lang='lat' dir='ltr'>qui·</span> 
     </span>
     <span class='ocr_line' id='line_1_4' title="bbox 148 802 1335 890; baseline 0.003 -22"><span class='ocrx_word' id='word_1_21' title='bbox 148 804 209 868; x_wconf 86' lang='lat' dir='ltr'>bue</span> <span class='ocrx_word' id='word_1_22' title='bbox 229 804 365 871; x_wconf 82' lang='lat' dir='ltr'>solemni</span> <span class='ocrx_word' id='word_1_23' title='bbox 384 825 486 870; x_wconf 88' lang='lat' dir='ltr'>errore</span> <span class='ocrx_word' id='word_1_24' title='bbox 506 825 562 890; x_wconf 94' lang='lat' dir='ltr'>pro</span> <span class='ocrx_word' id='word_1_25' title='bbox 581 802 815 878; x_wconf 69' lang='grc' dir='ltr'><em>κατειλημένος,</em></span> <span class='ocrx_word' id='word_1_26' title='bbox 836 805 1059 882; x_wconf 78' lang='grc' dir='ltr'><strong><em>περιειλιμένος</em></strong></span> <span class='ocrx_word' id='word_1_27' title='bbox 1079 811 1110 870; x_wconf 91' lang='lat' dir='ltr'>et</span> <span class='ocrx_word' id='word_1_28' title='bbox 1134 807 1206 870; x_wconf 88' lang='lat' dir='ltr'>sim.</span> <span class='ocrx_word' id='word_1_29' title='bbox 1230 829 1335 872; x_wconf 84' lang='grc' dir='ltr'><strong><em>κοισει-</em></strong></span> 
     </span>
     <span class='ocr_line' id='line_1_5' title="bbox 146 908 1333 990; baseline 0.008 -19"><span class='ocrx_word' id='word_1_30' title='bbox 146 908 305 984; x_wconf 75' lang='grc' dir='ltr'><strong><em>λκμμένοο</em></strong></span> <span class='ocrx_word' id='word_1_31' title='bbox 340 915 372 976; x_wconf 91' lang='lat' dir='ltr'>et</span> <span class='ocrx_word' id='word_1_32' title='bbox 405 908 657 990; x_wconf 71' lang='grc' dir='ltr'>περιειλημμένος</span> <span class='ocrx_word' id='word_1_33' title='bbox 694 910 814 975; x_wconf 89' lang='lat' dir='ltr'>scribae</span> <span class='ocrx_word' id='word_1_34' title='bbox 848 910 1040 977; x_wconf 75' lang='lat' dir='ltr'>substituere</span> <span class='ocrx_word' id='word_1_35' title='bbox 1072 911 1218 978; x_wconf 83' lang='lat' dir='ltr'>assolent.</span> <span class='ocrx_word' id='word_1_36' title='bbox 1279 912 1333 980; x_wconf 81' lang='lat' dir='ltr'>Sic</span> 
     </span>
     <span class='ocr_line' id='line_1_6' title="bbox 146 1015 1332 1104; baseline 0.004 -25"><span class='ocrx_word' id='word_1_37' title='bbox 146 1015 268 1080; x_wconf 82' lang='lat' dir='ltr'>tactum</span> <span class='ocrx_word' id='word_1_38' title='bbox 301 1021 348 1082; x_wconf 86' lang='lat' dir='ltr'>est</span> <span class='ocrx_word' id='word_1_39' title='bbox 378 1020 416 1080; x_wconf 86' lang='lat' dir='ltr'>ut</span> <span class='ocrx_word' id='word_1_40' title='bbox 445 1017 479 1081; x_wconf 93' lang='lat' dir='ltr'>in</span> <span class='ocrx_word' id='word_1_41' title='bbox 511 1015 601 1080; x_wconf 88' lang='lat' dir='ltr'>libris</span> <span class='ocrx_word' id='word_1_42' title='bbox 626 1035 683 1101; x_wconf 91' lang='lat' dir='ltr'>pro</span> <span class='ocrx_word' id='word_1_43' title='bbox 704 1017 788 1082; x_wconf 86' lang='lat' dir='ltr'>veris</span> <span class='ocrx_word' id='word_1_44' title='bbox 812 1035 848 1081; x_wconf 89' lang='lat' dir='ltr'>ac</span> <span class='ocrx_word' id='word_1_45' title='bbox 871 1018 1019 1104; x_wconf 77' lang='lat' dir='ltr'>genuinis</span> <span class='ocrx_word' id='word_1_46' title='bbox 1040 1017 1152 1083; x_wconf 86' lang='lat' dir='ltr'>formis</span> <span class='ocrx_word' id='word_1_47' title='bbox 1175 1018 1332 1094; x_wconf 67' lang='grc' dir='ltr'><strong><em>ἰλλόμενον</em></strong></span> 
     </span>
     <span class='ocr_line' id='line_1_7' title="bbox 146 1117 1332 1211; baseline 0.004 -25"><span class='ocrx_word' id='word_1_48' title='bbox 146 1121 231 1206; x_wconf 83' lang='lat' dir='ltr'>apud</span> <span class='ocrx_word' id='word_1_49' title='bbox 261 1121 459 1205; x_wconf 86' lang='lat' dir='ltr'>Homerum,</span> <span class='ocrx_word' id='word_1_50' title='bbox 489 1117 649 1196; x_wconf 78' lang='grc' dir='ltr'><strong><em>όλλόμενος</em></strong></span> <span class='ocrx_word' id='word_1_51' title='bbox 682 1125 714 1186; x_wconf 87' lang='lat' dir='ltr'>et</span> <span class='ocrx_word' id='word_1_52' title='bbox 737 1119 908 1198; x_wconf 74' lang='grc' dir='ltr'><strong><em>εἱλούμενοι</em></strong></span> <span class='ocrx_word' id='word_1_53' title='bbox 932 1124 967 1187; x_wconf 89' lang='lat' dir='ltr'>in</span> <span class='ocrx_word' id='word_1_54' title='bbox 989 1125 1114 1206; x_wconf 77' lang='lat' dir='ltr'>Attica,</span> <span class='ocrx_word' id='word_1_55' title='bbox 1138 1123 1216 1190; x_wconf 92' lang='lat' dir='ltr'>haec</span> <span class='ocrx_word' id='word_1_56' title='bbox 1237 1128 1332 1211; x_wconf 85' lang='lat' dir='ltr'>scrip-</span> 
     </span>
     <span class='ocr_line' id='line_1_8' title="bbox 144 1223 1330 1316; baseline 0.005 -24"><span class='ocrx_word' id='word_1_57' title='bbox 144 1231 236 1292; x_wconf 83' lang='lat' dir='ltr'>turae</span> <span class='ocrx_word' id='word_1_58' title='bbox 257 1228 340 1292; x_wconf 81' lang='lat' dir='ltr'>uitia</span> <span class='ocrx_word' id='word_1_59' title='bbox 360 1229 479 1312; x_wconf 86' lang='lat' dir='ltr'>passim</span> <span class='ocrx_word' id='word_1_60' title='bbox 502 1231 664 1293; x_wconf 88' lang='lat' dir='ltr'>recurrant</span> <span class='ocrx_word' id='word_1_61' title='bbox 685 1223 857 1305; x_wconf 76' lang='grc' dir='ltr'><strong><em>εἷλόμενος,</em></strong></span> <span class='ocrx_word' id='word_1_62' title='bbox 878 1225 1048 1307; x_wconf 73' lang='grc' dir='ltr'><strong><em>εόλόμενοο,</em></strong></span> <span class='ocrx_word' id='word_1_63' title='bbox 1069 1227 1240 1304; x_wconf 70' lang='grc' dir='ltr'><strong><em>εἱλούμενοι</em></strong></span> <span class='ocrx_word' id='word_1_64' title='bbox 1262 1231 1330 1316; x_wconf 78' lang='lat' dir='ltr'>(pro</span> 
     </span>
     <span class='ocr_line' id='line_1_9' title="bbox 145 1332 1331 1421; baseline 0.001 -20"><span class='ocrx_word' id='word_1_65' title='bbox 145 1333 322 1420; x_wconf 77' lang='grc' dir='ltr'><strong><em>έλλόριενος)</em></strong></span> <span class='ocrx_word' id='word_1_66' title='bbox 344 1341 376 1400; x_wconf 88' lang='lat' dir='ltr'>et</span> <span class='ocrx_word' id='word_1_67' title='bbox 394 1332 589 1409; x_wconf 75' lang='grc' dir='ltr'><strong><em>εῐλλόμενοι,</em></strong></span> <span class='ocrx_word' id='word_1_68' title='bbox 609 1353 689 1418; x_wconf 88' lang='lat' dir='ltr'>qnae</span> <span class='ocrx_word' id='word_1_69' title='bbox 708 1336 829 1400; x_wconf 88' lang='lat' dir='ltr'>nemini</span> <span class='ocrx_word' id='word_1_70' title='bbox 849 1337 1012 1420; x_wconf 89' lang='lat' dir='ltr'>imponere</span> <span class='ocrx_word' id='word_1_71' title='bbox 1023 1336 1331 1421; x_wconf 88' lang='lat' dir='ltr'>possuntetuullius</span> 
     </span>
     <span class='ocr_line' id='line_1_10' title="bbox 145 1435 1331 1525; baseline -0.001 -18"><span class='ocrx_word' id='word_1_72' title='bbox 145 1444 275 1508; x_wconf 91' lang='lat' dir='ltr'>omnino</span> <span class='ocrx_word' id='word_1_73' title='bbox 295 1445 370 1506; x_wconf 89' lang='lat' dir='ltr'>sunt</span> <span class='ocrx_word' id='word_1_74' title='bbox 388 1441 493 1525; x_wconf 88' lang='lat' dir='ltr'>pretii.</span> <span class='ocrx_word' id='word_1_75' title='bbox 524 1439 572 1505; x_wconf 79' lang='lat' dir='ltr'>Ad</span> <span class='ocrx_word' id='word_1_76' title='bbox 594 1437 684 1504; x_wconf 91' lang='lat' dir='ltr'>Iliad.</span> <span class='ocrx_word' id='word_1_77' title='bbox 705 1448 744 1505; x_wconf 87' lang='lat' dir='ltr'>E.</span> <span class='ocrx_word' id='word_1_78' title='bbox 768 1436 833 1505; x_wconf 74' lang='lat'>782</span> <span class='ocrx_word' id='word_1_79' title='bbox 852 1435 970 1510; x_wconf 78' lang='grc' dir='ltr'><strong><em>έςοισοιν</em></strong></span> <span class='ocrx_word' id='word_1_80' title='bbox 989 1477 1031 1490; x_wconf 92' lang='lat'>·-</span> <span class='ocrx_word' id='word_1_81' title='bbox 1051 1441 1197 1519; x_wconf 74' lang='grc' dir='ltr'><strong><em>εἰλόμενοι</em></strong></span> <span class='ocrx_word' id='word_1_82' title='bbox 1218 1443 1249 1505; x_wconf 85' lang='lat' dir='ltr'>la</span> <span class='ocrx_word' id='word_1_83' title='bbox 1269 1441 1331 1506; x_wconf 80' lang='lat' dir='ltr'>Ro-</span> 
     </span>
     <span class='ocr_line' id='line_1_11' title="bbox 146 1542 1330 1634; baseline 0.002 -22"><span class='ocrx_word' id='word_1_84' title='bbox 146 1549 196 1612; x_wconf 78' lang='grc' dir='ltr'><strong><em>οόε</em></strong></span> <span class='ocrx_word' id='word_1_85' title='bbox 225 1546 337 1613; x_wconf 81' lang='lat' dir='ltr'>attulit</span> <span class='ocrx_word' id='word_1_86' title='bbox 359 1567 397 1612; x_wconf 82' lang='lat' dir='ltr'>ex</span> <span class='ocrx_word' id='word_1_87' title='bbox 420 1542 497 1612; x_wconf 84' lang='lat' dir='ltr'>Ood.</span> <span class='ocrx_word' id='word_1_88' title='bbox 520 1547 559 1611; x_wconf 85' lang='lat' dir='ltr'>A.</span> <span class='ocrx_word' id='word_1_89' title='bbox 584 1544 767 1623; x_wconf 71' lang='grc' dir='ltr'><strong><em>εἱλούμενοι,</em></strong></span> <span class='ocrx_word' id='word_1_90' title='bbox 791 1567 830 1610; x_wconf 87' lang='lat' dir='ltr'>ex</span> <span class='ocrx_word' id='word_1_91' title='bbox 853 1543 932 1612; x_wconf 78' lang='lat' dir='ltr'>GM.</span> <span class='ocrx_word' id='word_1_92' title='bbox 957 1543 1126 1624; x_wconf 71' lang='grc' dir='ltr'><strong><em>εἰλόμενοι,</em></strong></span> <span class='ocrx_word' id='word_1_93' title='bbox 1149 1545 1330 1634; x_wconf 72' lang='lat' dir='ltr'>similiaque</span> 
     </span>
     <span class='ocr_line' id='line_1_12' title="bbox 145 1648 988 1739; baseline -0.002 -21"><span class='ocrx_word' id='word_1_94' title='bbox 145 1653 238 1736; x_wconf 84' lang='lat' dir='ltr'>alibi,</span> <span class='ocrx_word' id='word_1_95' title='bbox 262 1653 377 1739; x_wconf 90' lang='lat' dir='ltr'>quibus</span> <span class='ocrx_word' id='word_1_96' title='bbox 400 1651 477 1737; x_wconf 92' lang='lat' dir='ltr'>quid</span> <span class='ocrx_word' id='word_1_97' title='bbox 501 1657 549 1717; x_wconf 88' lang='lat' dir='ltr'>est</span> <span class='ocrx_word' id='word_1_98' title='bbox 570 1653 699 1721; x_wconf 80' lang='lat' dir='ltr'>vanius.</span> <span class='ocrx_word' id='word_1_99' title='bbox 724 1651 801 1737; x_wconf 91' lang='lat' dir='ltr'>quid</span> <span class='ocrx_word' id='word_1_100' title='bbox 823 1648 988 1717; x_wconf 76' lang='lat' dir='ltr'>inutilius?</span> 
     </span>
    </p>

    <p class='ocr_par' dir='ltr' id='par_1_3' title="bbox 143 1755 1329 2264">
     <span class='ocr_line' id='line_1_13' title="bbox 188 1755 1329 1846; baseline 0.002 -22"><span class='ocrx_word' id='word_1_101' title='bbox 188 1759 226 1824; x_wconf 91' lang='lat' dir='ltr'>ln</span> <span class='ocrx_word' id='word_1_102' title='bbox 253 1758 391 1846; x_wconf 85' lang='lat' dir='ltr'>perlecto</span> <span class='ocrx_word' id='word_1_103' title='bbox 414 1759 539 1842; x_wconf 86' lang='lat' dir='ltr'>passivo</span> <span class='ocrx_word' id='word_1_104' title='bbox 561 1757 718 1822; x_wconf 89' lang='lat' dir='ltr'>notandus</span> <span class='ocrx_word' id='word_1_105' title='bbox 740 1762 788 1822; x_wconf 88' lang='lat' dir='ltr'>est</span> <span class='ocrx_word' id='word_1_106' title='bbox 811 1755 951 1823; x_wconf 75' lang='lat' dir='ltr'>Baliari</span> <span class='ocrx_word' id='word_1_107' title='bbox 973 1762 1118 1823; x_wconf 77' lang='lat' dir='ltr'>constans</span> <span class='ocrx_word' id='word_1_108' title='bbox 1141 1778 1227 1825; x_wconf 89' lang='lat' dir='ltr'>error</span> <span class='ocrx_word' id='word_1_109' title='bbox 1248 1759 1329 1826; x_wconf 74' lang='grc' dir='ltr'><strong><em>ἐτέλ-</em></strong></span> 
     </span>
     <span class='ocr_line' id='line_1_14' title="bbox 145 1862 1327 1948; baseline 0.002 -17"><span class='ocrx_word' id='word_1_110' title='bbox 145 1868 237 1944; x_wconf 84' lang='grc' dir='ltr'><strong><em>μεόοι.</em></strong></span> <span class='ocrx_word' id='word_1_111' title='bbox 263 1872 296 1931; x_wconf 89' lang='lat' dir='ltr'>et</span> <span class='ocrx_word' id='word_1_112' title='bbox 318 1864 467 1932; x_wconf 81' lang='grc' dir='ltr'><strong><em>εἐελιιένοι</em></strong></span> <span class='ocrx_word' id='word_1_113' title='bbox 490 1864 608 1948; x_wconf 89' lang='lat' dir='ltr'>ubique</span> <span class='ocrx_word' id='word_1_114' title='bbox 631 1862 797 1928; x_wconf 80' lang='lat' dir='ltr'>scribentis</span> <span class='ocrx_word' id='word_1_115' title='bbox 819 1867 852 1928; x_wconf 90' lang='lat' dir='ltr'>et</span> <span class='ocrx_word' id='word_1_116' title='bbox 875 1863 915 1928; x_wconf 87' lang='lat' dir='ltr'>ad</span> <span class='ocrx_word' id='word_1_117' title='bbox 938 1863 1073 1928; x_wconf 90' lang='lat' dir='ltr'>eundem</span> <span class='ocrx_word' id='word_1_118' title='bbox 1096 1864 1228 1929; x_wconf 90' lang='lat' dir='ltr'>modum</span> <span class='ocrx_word' id='word_1_119' title='bbox 1249 1866 1327 1933; x_wconf 88' lang='lat' dir='ltr'>alibi</span> 
     </span>
     <span class='ocr_line' id='line_1_15' title="bbox 144 1966 1326 2058; baseline 0 -24"><span class='ocrx_word' id='word_1_120' title='bbox 144 1973 262 2058; x_wconf 86' lang='lat' dir='ltr'>passim</span> <span class='ocrx_word' id='word_1_121' title='bbox 293 1969 425 2053; x_wconf 80' lang='grc' dir='ltr'><strong><em>έεολποι,</em></strong></span> <span class='ocrx_word' id='word_1_122' title='bbox 456 1966 576 2049; x_wconf 56' lang='lat' dir='ltr'>tropa,</span> <span class='ocrx_word' id='word_1_123' title='bbox 608 1966 723 2044; x_wconf 86' lang='grc' dir='ltr'><strong><em>έεοικοι,</em></strong></span> <span class='ocrx_word' id='word_1_124' title='bbox 749 1967 867 2046; x_wconf 64' lang='lat' dir='ltr'>tremo,</span> <span class='ocrx_word' id='word_1_125' title='bbox 900 1966 1060 2046; x_wconf 79' lang='grc' dir='ltr'><strong><em>έεερμένον.</em></strong></span> <span class='ocrx_word' id='word_1_126' title='bbox 1108 1967 1196 2036; x_wconf 89' lang='lat' dir='ltr'>Haec</span> <span class='ocrx_word' id='word_1_127' title='bbox 1218 1975 1326 2040; x_wconf 84' lang='lat' dir='ltr'>omnia</span> 
     </span>
     <span class='ocr_line' id='line_1_16' title="bbox 143 2072 1325 2163; baseline -0.001 -19"><span class='ocrx_word' id='word_1_128' title='bbox 143 2077 271 2163; x_wconf 79' lang='lat' dir='ltr'>perinde</span> <span class='ocrx_word' id='word_1_129' title='bbox 299 2078 417 2142; x_wconf 85' lang='lat' dir='ltr'>vitiosa</span> <span class='ocrx_word' id='word_1_130' title='bbox 446 2081 520 2141; x_wconf 91' lang='lat' dir='ltr'>sunt</span> <span class='ocrx_word' id='word_1_131' title='bbox 549 2095 586 2140; x_wconf 91' lang='lat' dir='ltr'>ac</span> <span class='ocrx_word' id='word_1_132' title='bbox 617 2077 644 2140; x_wconf 90' lang='lat' dir='ltr'>si</span> <span class='ocrx_word' id='word_1_133' title='bbox 674 2076 746 2159; x_wconf 92' lang='lat' dir='ltr'>quis</span> <span class='ocrx_word' id='word_1_134' title='bbox 775 2095 831 2160; x_wconf 92' lang='lat' dir='ltr'>pro</span> <span class='ocrx_word' id='word_1_135' title='bbox 860 2073 1009 2151; x_wconf 85' lang='grc' dir='ltr'><strong><em>λέλοιποι,</em></strong></span> <span class='ocrx_word' id='word_1_136' title='bbox 1042 2072 1189 2152; x_wconf 82' lang='grc' dir='ltr'><strong><em>πέποιόοι,</em></strong></span> <span class='ocrx_word' id='word_1_137' title='bbox 1216 2077 1325 2152; x_wconf 83' lang='grc' dir='ltr'><strong><em>δέδνροι,</em></strong></span> 
     </span>
     <span class='ocr_line' id='line_1_17' title="bbox 143 2177 1325 2264; baseline 0 -16"><span class='ocrx_word' id='word_1_138' title='bbox 143 2182 281 2264; x_wconf 70' lang='grc' dir='ltr'><strong><em>πέφκνοι,</em></strong></span> <span class='ocrx_word' id='word_1_139' title='bbox 306 2182 447 2259; x_wconf 80' lang='grc' dir='ltr'><strong><em>σέσιρποι,</em></strong></span> <span class='ocrx_word' id='word_1_140' title='bbox 471 2180 589 2255; x_wconf 79' lang='grc' dir='ltr'><strong><em>τέπνκοι</em></strong></span> <span class='ocrx_word' id='word_1_141' title='bbox 615 2183 688 2246; x_wconf 88' lang='lat' dir='ltr'>sim.</span> <span class='ocrx_word' id='word_1_142' title='bbox 712 2179 811 2246; x_wconf 81' lang='lat' dir='ltr'>vellet</span> <span class='ocrx_word' id='word_1_143' title='bbox 834 2179 959 2255; x_wconf 85' lang='grc' dir='ltr'><strong><em>έλοιποι,</em></strong></span> <span class='ocrx_word' id='word_1_144' title='bbox 983 2177 1089 2244; x_wconf 86' lang='grc' dir='ltr'><strong><em>έποιόοι</em></strong></span> <span class='ocrx_word' id='word_1_145' title='bbox 1112 2185 1191 2246; x_wconf 86' lang='lat' dir='ltr'>caet.</span> <span class='ocrx_word' id='word_1_146' title='bbox 1212 2181 1325 2248; x_wconf 79' lang='lat' dir='ltr'>dicere.</span> 
     </span>
    </p>

    <p class='ocr_par' dir='ltr' id='par_1_4' title="bbox 61 2286 1327 2794">
     <span class='ocr_line' id='line_1_18' title="bbox 185 2286 1327 2374; baseline 0.002 -22"><span class='ocrx_word' id='word_1_147' title='bbox 185 2287 223 2352; x_wconf 92' lang='lat' dir='ltr'>In</span> <span class='ocrx_word' id='word_1_148' title='bbox 254 2286 416 2362; x_wconf 77' lang='grc' dir='ltr'><strong><em>ειιέλμεόοο</em></strong></span> <span class='ocrx_word' id='word_1_149' title='bbox 446 2307 509 2352; x_wconf 93' lang='lat' dir='ltr'>non</span> <span class='ocrx_word' id='word_1_150' title='bbox 539 2288 645 2374; x_wconf 76' lang='lat' dir='ltr'>magis</span> <span class='ocrx_word' id='word_1_151' title='bbox 674 2289 812 2372; x_wconf 87' lang='lat' dir='ltr'>primam</span> <span class='ocrx_word' id='word_1_152' title='bbox 835 2291 1057 2352; x_wconf 76' lang='lat' dir='ltr'>consonantem</span> <span class='ocrx_word' id='word_1_153' title='bbox 1081 2288 1229 2354; x_wconf 85' lang='lat' dir='ltr'>omittere</span> <span class='ocrx_word' id='word_1_154' title='bbox 1250 2287 1327 2354; x_wconf 88' lang='lat' dir='ltr'>licet</span> 
     </span>
     <span class='ocr_line' id='line_1_19' title="bbox 143 2389 1324 2480; baseline -0.003 -18"><span class='ocrx_word' id='word_1_155' title='bbox 143 2416 237 2480; x_wconf 86' lang='lat' dir='ltr'>quam</span> <span class='ocrx_word' id='word_1_156' title='bbox 266 2396 302 2459; x_wconf 90' lang='lat' dir='ltr'>iu</span> <span class='ocrx_word' id='word_1_157' title='bbox 325 2393 507 2472; x_wconf 79' lang='grc' dir='ltr'><strong><em>κεκόρκμοιι,</em></strong></span> <span class='ocrx_word' id='word_1_158' title='bbox 530 2391 729 2469; x_wconf 78' lang='grc' dir='ltr'><strong><em>βεβόλιρμοιι,</em></strong></span> <span class='ocrx_word' id='word_1_159' title='bbox 752 2391 927 2468; x_wconf 82' lang='grc' dir='ltr'><strong><em>δέδοιομινι,</em></strong></span> <span class='ocrx_word' id='word_1_160' title='bbox 952 2389 1156 2470; x_wconf 79' lang='grc' dir='ltr'><strong><em>δεδόκριιμοιι,</em></strong></span> <span class='ocrx_word' id='word_1_161' title='bbox 1180 2393 1324 2478; x_wconf 85' lang='grc' dir='ltr'><strong><em>δέδεμοοι,</em></strong></span> 
     </span>
     <span class='ocr_line' id='line_1_20' title="bbox 141 2497 1327 2583; baseline 0.001 -18"><span class='ocrx_word' id='word_1_162' title='bbox 141 2501 297 2578; x_wconf 77' lang='grc' dir='ltr'><strong><em>πέτομαι,</em></strong></span> <span class='ocrx_word' id='word_1_163' title='bbox 328 2499 470 2576; x_wconf 85' lang='grc' dir='ltr'><strong><em>δέδομοοι,</em></strong></span> <span class='ocrx_word' id='word_1_164' title='bbox 502 2498 663 2576; x_wconf 86' lang='grc' dir='ltr'><strong><em>πέπομοοι,</em></strong></span> <span class='ocrx_word' id='word_1_165' title='bbox 695 2497 920 2583; x_wconf 85' lang='lat' dir='ltr'>similibusque</span> <span class='ocrx_word' id='word_1_166' title='bbox 949 2498 1106 2563; x_wconf 90' lang='lat' dir='ltr'>omnibns.</span> <span class='ocrx_word' id='word_1_167' title='bbox 1156 2497 1228 2565; x_wconf 88' lang='lat' dir='ltr'>Non</span> <span class='ocrx_word' id='word_1_168' title='bbox 1259 2504 1327 2566; x_wconf 88' lang='lat' dir='ltr'>erat</span> 
     </span>
     <span class='ocr_line' id='line_1_21' title="bbox 141 2601 1326 2690; baseline -0.002 -17"><span class='ocrx_word' id='word_1_169' title='bbox 141 2614 248 2673; x_wconf 81' lang='lat' dir='ltr'>autern</span> <span class='ocrx_word' id='word_1_170' title='bbox 279 2607 415 2674; x_wconf 82' lang='lat' dir='ltr'>arduum</span> <span class='ocrx_word' id='word_1_171' title='bbox 446 2609 479 2671; x_wconf 88' lang='lat' dir='ltr'>et</span> <span class='ocrx_word' id='word_1_172' title='bbox 509 2625 621 2690; x_wconf 89' lang='lat' dir='ltr'>anceps</span> <span class='ocrx_word' id='word_1_173' title='bbox 651 2625 708 2690; x_wconf 92' lang='lat' dir='ltr'>pro</span> <span class='ocrx_word' id='word_1_174' title='bbox 731 2611 930 2684; x_wconf 69' lang='grc' dir='ltr'><strong><em>γλαφυρῇσιν</em></strong></span> <span class='ocrx_word' id='word_1_175' title='bbox 953 2601 1101 2678; x_wconf 80' lang='grc' dir='ltr'><strong><em>έεελμένοι</em></strong></span> <span class='ocrx_word' id='word_1_176' title='bbox 1126 2609 1158 2670; x_wconf 88' lang='lat' dir='ltr'>et</span> <span class='ocrx_word' id='word_1_177' title='bbox 1177 2604 1326 2686; x_wconf 70' lang='grc' dir='ltr'><strong><em>βουλῇσιν</em></strong></span> 
     </span>
     <span class='ocr_line' id='line_1_22' title="bbox 61 2708 1273 2794; baseline -0.003 -17"><span class='ocrx_word' id='word_1_178' title='bbox 61 2725 66 2734; x_wconf 89' lang='grc'><em>·</em></span> <span class='ocrx_word' id='word_1_179' title='bbox 141 2713 289 2792; x_wconf 81' lang='grc' dir='ltr'><strong><em>ε’σελμένοι</em></strong></span> <span class='ocrx_word' id='word_1_180' title='bbox 312 2719 345 2778; x_wconf 89' lang='lat' dir='ltr'>et</span> <span class='ocrx_word' id='word_1_181' title='bbox 368 2711 453 2776; x_wconf 74' lang='grc' dir='ltr'><strong><em>κοοτοδ</em></strong></span> <span class='ocrx_word' id='word_1_182' title='bbox 477 2712 551 2780; x_wconf 72' lang='lat' dir='ltr'>retro</span> <span class='ocrx_word' id='word_1_183' title='bbox 575 2708 724 2786; x_wconf 79' lang='grc' dir='ltr'><strong><em>έοελμένοι</em></strong></span> <span class='ocrx_word' id='word_1_184' title='bbox 743 2731 856 2776; x_wconf 82' lang='lat' dir='ltr'>verum</span> <span class='ocrx_word' id='word_1_185' title='bbox 878 2729 1026 2794; x_wconf 85' lang='lat' dir='ltr'>reponere</span> <span class='ocrx_word' id='word_1_186' title='bbox 1049 2711 1137 2774; x_wconf 87' lang='lat' dir='ltr'>etin</span> <span class='ocrx_word' id='word_1_187' title='bbox 1160 2729 1273 2776; x_wconf 85' lang='lat' dir='ltr'>versu:</span> 
     </span>
    </p>

    <p class='ocr_par' dir='ltr' id='par_1_5' title="bbox 140 2813 1324 3114">
     <span class='ocr_line' id='line_1_23' title="bbox 345 2813 1102 2897; baseline -0.003 -15"><span class='ocrx_word' id='word_1_188' title='bbox 345 2814 363 2892; x_wconf 74' lang='grc' dir='ltr'><em>ἦ</em></span> <span class='ocrx_word' id='word_1_189' title='bbox 386 2817 467 2883; x_wconf 84' lang='grc' dir='ltr'><strong><em>οόπιο</em></strong></span> <span class='ocrx_word' id='word_1_190' title='bbox 492 2818 651 2897; x_wconf 77' lang='grc' dir='ltr'><strong><em>κεκόρησθε</em></strong></span> <span class='ocrx_word' id='word_1_191' title='bbox 675 2814 825 2892; x_wconf 78' lang='grc' dir='ltr'><strong><em>έεελμένοι</em></strong></span> <span class='ocrx_word' id='word_1_192' title='bbox 846 2813 936 2881; x_wconf 84' lang='grc' dir='ltr'><strong><em>ένδοόι</em></strong></span> <span class='ocrx_word' id='word_1_193' title='bbox 959 2815 1102 2895; x_wconf 65' lang='grc' dir='ltr'><strong><em>πόρνον,</em></strong></span> 
     </span>
     <span class='ocr_line' id='line_1_24' title="bbox 140 2921 1324 3010; baseline -0.002 -18"><span class='ocrx_word' id='word_1_194' title='bbox 140 2924 191 2992; x_wconf 86' lang='lat' dir='ltr'>vel</span> <span class='ocrx_word' id='word_1_195' title='bbox 212 2925 366 2990; x_wconf 88' lang='lat' dir='ltr'>immanis</span> <span class='ocrx_word' id='word_1_196' title='bbox 387 2924 495 2989; x_wconf 86' lang='lat' dir='ltr'>hiatus</span> <span class='ocrx_word' id='word_1_197' title='bbox 517 2923 700 2989; x_wconf 80' lang='lat' dir='ltr'>Betrkerum</span> <span class='ocrx_word' id='word_1_198' title='bbox 724 2921 892 2988; x_wconf 87' lang='lat' dir='ltr'>admonere</span> <span class='ocrx_word' id='word_1_199' title='bbox 913 2927 1037 3008; x_wconf 86' lang='lat' dir='ltr'>poterat</span> <span class='ocrx_word' id='word_1_200' title='bbox 1059 2923 1234 3008; x_wconf 88' lang='lat' dir='ltr'>perfectum</span> <span class='ocrx_word' id='word_1_201' title='bbox 1254 2945 1324 3010; x_wconf 88' lang='lat' dir='ltr'>pas-</span> 
     </span>
     <span class='ocr_line' id='line_1_25' title="bbox 140 3027 820 3114; baseline -0.006 -18"><span class='ocrx_word' id='word_1_202' title='bbox 140 3034 245 3096; x_wconf 86' lang='lat' dir='ltr'>sivum</span> <span class='ocrx_word' id='word_1_203' title='bbox 269 3029 553 3114; x_wconf 77' lang='lat' dir='ltr'>reduplicationem</span> <span class='ocrx_word' id='word_1_204' title='bbox 576 3029 691 3094; x_wconf 88' lang='lat' dir='ltr'>habere</span> <span class='ocrx_word' id='word_1_205' title='bbox 712 3027 820 3093; x_wconf 88' lang='lat' dir='ltr'>solere.</span> 
     </span>
    </p>

    <p class='ocr_par' dir='ltr' id='par_1_6' title="bbox 139 3131 1328 3858">
     <span class='ocr_line' id='line_1_26' title="bbox 182 3131 1326 3221; baseline -0.002 -19"><span class='ocrx_word' id='word_1_206' title='bbox 182 3135 352 3203; x_wconf 76' lang='lat' dir='ltr'>Permulta</span> <span class='ocrx_word' id='word_1_207' title='bbox 371 3135 434 3201; x_wconf 86' lang='lat' dir='ltr'>alia</span> <span class='ocrx_word' id='word_1_208' title='bbox 453 3135 537 3221; x_wconf 88' lang='lat' dir='ltr'>apud</span> <span class='ocrx_word' id='word_1_209' title='bbox 556 3134 740 3200; x_wconf 81' lang='lat' dir='ltr'>Beklrerum</span> <span class='ocrx_word' id='word_1_210' title='bbox 759 3134 910 3200; x_wconf 87' lang='lat' dir='ltr'>adversus</span> <span class='ocrx_word' id='word_1_211' title='bbox 929 3131 1094 3220; x_wconf 79' lang='lat' dir='ltr'>digamma</span> <span class='ocrx_word' id='word_1_212' title='bbox 1107 3138 1236 3218; x_wconf 87' lang='lat' dir='ltr'>peccata</span> <span class='ocrx_word' id='word_1_213' title='bbox 1250 3141 1326 3200; x_wconf 91' lang='lat' dir='ltr'>sunt</span> 
     </span>
     <span class='ocr_line' id='line_1_27' title="bbox 140 3237 1325 3330; baseline -0.003 -21"><span class='ocrx_word' id='word_1_214' title='bbox 140 3245 206 3311; x_wconf 86' lang='lat' dir='ltr'>sive</span> <span class='ocrx_word' id='word_1_215' title='bbox 236 3241 415 3330; x_wconf 80' lang='lat' dir='ltr'>neglexerit</span> <span class='ocrx_word' id='word_1_216' title='bbox 446 3241 575 3306; x_wconf 87' lang='lat' dir='ltr'>evidens</span> <span class='ocrx_word' id='word_1_217' title='bbox 605 3242 779 3324; x_wconf 82' lang='lat' dir='ltr'>scripturae</span> <span class='ocrx_word' id='word_1_218' title='bbox 806 3239 926 3304; x_wconf 82' lang='lat' dir='ltr'>vitium</span> <span class='ocrx_word' id='word_1_219' title='bbox 955 3239 1022 3304; x_wconf 88' lang='lat' dir='ltr'>sive</span> <span class='ocrx_word' id='word_1_220' title='bbox 1050 3237 1135 3303; x_wconf 84' lang='lat' dir='ltr'>mule</span> <span class='ocrx_word' id='word_1_221' title='bbox 1156 3243 1325 3307; x_wconf 80' lang='lat' dir='ltr'>curaverit.</span> 
     </span>
     <span class='ocr_line' id='line_1_28' title="bbox 139 3343 1325 3430; baseline -0.002 -16"><span class='ocrx_word' id='word_1_222' title='bbox 139 3349 176 3414; x_wconf 91' lang='lat' dir='ltr'>In</span> <span class='ocrx_word' id='word_1_223' title='bbox 205 3347 435 3430; x_wconf 38' lang='lat' dir='ltr'>constituenda·</span> <span class='ocrx_word' id='word_1_224' title='bbox 456 3349 636 3411; x_wconf 87' lang='lat' dir='ltr'>carminum</span> <span class='ocrx_word' id='word_1_225' title='bbox 666 3343 911 3411; x_wconf 88' lang='lat' dir='ltr'>Homericorum</span> <span class='ocrx_word' id='word_1_226' title='bbox 945 3343 1080 3410; x_wconf 89' lang='lat' dir='ltr'>lectione</span> <span class='ocrx_word' id='word_1_227' title='bbox 1113 3345 1325 3412; x_wconf 88' lang='lat' dir='ltr'>utilissimum</span> 
     </span>
     <span class='ocr_line' id='line_1_29' title="bbox 140 3449 1326 3538; baseline -0.002 -17"><span class='ocrx_word' id='word_1_228' title='bbox 140 3463 187 3521; x_wconf 91' lang='lat' dir='ltr'>est</span> <span class='ocrx_word' id='word_1_229' title='bbox 217 3474 344 3538; x_wconf 87' lang='lat' dir='ltr'>semper</span> <span class='ocrx_word' id='word_1_230' title='bbox 369 3452 429 3518; x_wconf 91' lang='lat' dir='ltr'>hoc</span> <span class='ocrx_word' id='word_1_231' title='bbox 453 3473 547 3538; x_wconf 83' lang='lat' dir='ltr'>agere</span> <span class='ocrx_word' id='word_1_232' title='bbox 569 3465 601 3518; x_wconf 86' lang='lat' dir='ltr'>et</span> <span class='ocrx_word' id='word_1_233' title='bbox 624 3451 789 3517; x_wconf 79' lang='lat' dir='ltr'>observare</span> <span class='ocrx_word' id='word_1_234' title='bbox 811 3451 927 3536; x_wconf 85' lang='lat' dir='ltr'>quibus</span> <span class='ocrx_word' id='word_1_235' title='bbox 950 3449 1054 3515; x_wconf 87' lang='lat' dir='ltr'>modis</span> <span class='ocrx_word' id='word_1_236' title='bbox 1075 3455 1216 3516; x_wconf 88' lang='lat' dir='ltr'>cantores</span> <span class='ocrx_word' id='word_1_237' title='bbox 1239 3459 1326 3519; x_wconf 86' lang='lat' dir='ltr'>vete-</span> 
     </span>
     <span class='ocr_line' id='line_1_30' title="bbox 140 3555 1327 3644; baseline -0.003 -16"><span class='ocrx_word' id='word_1_238' title='bbox 140 3583 189 3628; x_wconf 87' lang='lat' dir='ltr'>res</span> <span class='ocrx_word' id='word_1_239' title='bbox 207 3563 309 3626; x_wconf 88' lang='lat' dir='ltr'>rimas</span> <span class='ocrx_word' id='word_1_240' title='bbox 327 3557 589 3632; x_wconf 79' lang='lat' dir='ltr'>innumerabiles,</span> <span class='ocrx_word' id='word_1_241' title='bbox 605 3558 861 3643; x_wconf 88' lang='lat' dir='ltr'>quibusantiqua</span> <span class='ocrx_word' id='word_1_242' title='bbox 872 3555 1327 3644; x_wconf 77' lang='lat' dir='ltr'>carminapropterdigamma</span> 
     </span>
     <span class='ocr_line' id='line_1_31' title="bbox 141 3660 1328 3751; baseline -0.003 -19"><span class='ocrx_word' id='word_1_243' title='bbox 141 3666 282 3732; x_wconf 87' lang='lat' dir='ltr'>deletum</span> <span class='ocrx_word' id='word_1_244' title='bbox 306 3667 426 3751; x_wconf 85' lang='lat' dir='ltr'>passim</span> <span class='ocrx_word' id='word_1_245' title='bbox 450 3665 652 3747; x_wconf 80' lang='lat' dir='ltr'>fatiscebant,</span> <span class='ocrx_word' id='word_1_246' title='bbox 676 3661 822 3748; x_wconf 86' lang='lat' dir='ltr'>supplere</span> <span class='ocrx_word' id='word_1_247' title='bbox 845 3664 909 3727; x_wconf 90' lang='lat' dir='ltr'>sint</span> <span class='ocrx_word' id='word_1_248' title='bbox 932 3660 1019 3728; x_wconf 87' lang='lat' dir='ltr'>soliti</span> <span class='ocrx_word' id='word_1_249' title='bbox 1038 3665 1071 3727; x_wconf 85' lang='lat' dir='ltr'>et</span> <span class='ocrx_word' id='word_1_250' title='bbox 1093 3663 1207 3728; x_wconf 90' lang='lat' dir='ltr'>sarcire</span> <span class='ocrx_word' id='word_1_251' title='bbox 1229 3666 1263 3727; x_wconf 91' lang='lat' dir='ltr'>et</span> <span class='ocrx_word' id='word_1_252' title='bbox 1280 3665 1328 3728; x_wconf 90' lang='lat' dir='ltr'>in·</span> 
     </span>
     <span class='ocr_line' id='line_1_32' title="bbox 140 3765 1099 3858; baseline -0.008 -20"><span class='ocrx_word' id='word_1_253' title='bbox 140 3771 324 3858; x_wconf 87' lang='lat' dir='ltr'>terpolando</span> <span class='ocrx_word' id='word_1_254' title='bbox 346 3790 553 3836; x_wconf 88' lang='lat' dir='ltr'>numerorum</span> <span class='ocrx_word' id='word_1_255' title='bbox 575 3768 680 3834; x_wconf 88' lang='lat' dir='ltr'>labem</span> <span class='ocrx_word' id='word_1_256' title='bbox 704 3767 908 3834; x_wconf 78' lang='lat' dir='ltr'>manifestem</span> <span class='ocrx_word' id='word_1_257' title='bbox 931 3765 1099 3834; x_wconf 86' lang='lat' dir='ltr'>occultare.</span> 
     </span>
    </p>

    <p class='ocr_par' dir='ltr' id='par_1_7' title="bbox 139 3871 1329 4489">
     <span class='ocr_line' id='line_1_33' title="bbox 184 3871 1326 3963; baseline -0.004 -19"><span class='ocrx_word' id='word_1_258' title='bbox 184 3877 221 3944; x_wconf 93' lang='lat' dir='ltr'>In</span> <span class='ocrx_word' id='word_1_259' title='bbox 252 3897 317 3963; x_wconf 88' lang='lat' dir='ltr'>qua</span> <span class='ocrx_word' id='word_1_260' title='bbox 346 3897 381 3942; x_wconf 92' lang='lat' dir='ltr'>re</span> <span class='ocrx_word' id='word_1_261' title='bbox 410 3896 473 3942; x_wconf 90' lang='lat' dir='ltr'>non</span> <span class='ocrx_word' id='word_1_262' title='bbox 503 3873 659 3940; x_wconf 82' lang='lat' dir='ltr'>violenter</span> <span class='ocrx_word' id='word_1_263' title='bbox 680 3873 906 3962; x_wconf 79' lang='lat' dir='ltr'>grassabantur</span> <span class='ocrx_word' id='word_1_264' title='bbox 927 3878 984 3938; x_wconf 89' lang='lat' dir='ltr'>aut</span> <span class='ocrx_word' id='word_1_265' title='bbox 1005 3871 1157 3938; x_wconf 87' lang='lat' dir='ltr'>lectiones</span> <span class='ocrx_word' id='word_1_266' title='bbox 1179 3875 1326 3959; x_wconf 89' lang='lat' dir='ltr'>antiquas</span> 
     </span>
     <span class='ocr_line' id='line_1_34' title="bbox 139 3976 1326 4056; baseline -0.004 -6"><span class='ocrx_word' id='word_1_267' title='bbox 139 3986 308 4050; x_wconf 86' lang='lat' dir='ltr'>temeraria</span> <span class='ocrx_word' id='word_1_268' title='bbox 329 4001 428 4046; x_wconf 91' lang='lat' dir='ltr'>manu</span> <span class='ocrx_word' id='word_1_269' title='bbox 451 3981 620 4056; x_wconf 86' lang='lat' dir='ltr'>vexabant,</span> <span class='ocrx_word' id='word_1_270' title='bbox 647 3980 702 4045; x_wconf 90' lang='lat' dir='ltr'>sed</span> <span class='ocrx_word' id='word_1_271' title='bbox 722 3978 833 4055; x_wconf 79' lang='grc' dir='ltr'><strong><em>ςοόβοιο</em></strong></span> <span class='ocrx_word' id='word_1_272' title='bbox 856 3976 942 4049; x_wconf 79' lang='grc' dir='ltr'><strong><em>τινός</em></strong></span> <span class='ocrx_word' id='word_1_273' title='bbox 966 3985 1077 4043; x_wconf 87' lang='lat' dir='ltr'>tenues</span> <span class='ocrx_word' id='word_1_274' title='bbox 1100 3982 1132 4043; x_wconf 89' lang='lat' dir='ltr'>et</span> <span class='ocrx_word' id='word_1_275' title='bbox 1154 3977 1253 4045; x_wconf 83' lang='lat' dir='ltr'>exiles</span> <span class='ocrx_word' id='word_1_276' title='bbox 1278 3982 1326 4045; x_wconf 88' lang='lat' dir='ltr'>in·</span> 
     </span>
     <span class='ocr_line' id='line_1_35' title="bbox 141 4083 1325 4170; baseline -0.005 -14"><span class='ocrx_word' id='word_1_277' title='bbox 141 4091 285 4156; x_wconf 89' lang='lat' dir='ltr'>serebant</span> <span class='ocrx_word' id='word_1_278' title='bbox 315 4112 368 4161; x_wconf 84' lang='grc' dir='ltr'>τε,</span> <span class='ocrx_word' id='word_1_279' title='bbox 400 4110 457 4165; x_wconf 71' lang='grc' dir='ltr'>γε,</span> <span class='ocrx_word' id='word_1_280' title='bbox 483 4085 543 4167; x_wconf 74' lang='grc' dir='ltr'>ἄρ’,</span> <span class='ocrx_word' id='word_1_281' title='bbox 568 4110 619 4161; x_wconf 90' lang='grc' dir='ltr'>τι,</span> <span class='ocrx_word' id='word_1_282' title='bbox 645 4091 677 4150; x_wconf 89' lang='lat' dir='ltr'>et</span> <span class='ocrx_word' id='word_1_283' title='bbox 699 4085 854 4170; x_wconf 91' lang='lat' dir='ltr'>quidquid</span> <span class='ocrx_word' id='word_1_284' title='bbox 875 4083 1036 4151; x_wconf 89' lang='lat' dir='ltr'>lenissime</span> <span class='ocrx_word' id='word_1_285' title='bbox 1061 4083 1096 4146; x_wconf 85' lang='grc' dir='ltr'>τδ</span> <span class='ocrx_word' id='word_1_286' title='bbox 1118 4085 1248 4164; x_wconf 76' lang='grc' dir='ltr'><strong><em>κεχηνὸς</em></strong></span> <span class='ocrx_word' id='word_1_287' title='bbox 1271 4089 1325 4150; x_wconf 82' lang='grc' dir='ltr'>τοῦ</span> 
     </span>
     <span class='ocr_line' id='line_1_36' title="bbox 140 4189 1326 4276; baseline -0.002 -17"><span class='ocrx_word' id='word_1_288' title='bbox 140 4195 249 4275; x_wconf 76' lang='grc' dir='ltr'><strong><em>ρυόμοῡ</em></strong></span> <span class='ocrx_word' id='word_1_289' title='bbox 281 4193 444 4259; x_wconf 85' lang='lat' dir='ltr'>sarciebat.</span> <span class='ocrx_word' id='word_1_290' title='bbox 501 4192 749 4276; x_wconf 87' lang='lat' dir='ltr'>Nonnumquam</span> <span class='ocrx_word' id='word_1_291' title='bbox 780 4189 877 4255; x_wconf 86' lang='lat' dir='ltr'>verba</span> <span class='ocrx_word' id='word_1_292' title='bbox 907 4191 1151 4274; x_wconf 84' lang='lat' dir='ltr'>transponebant</span> <span class='ocrx_word' id='word_1_293' title='bbox 1181 4197 1326 4276; x_wconf 87' lang='lat' dir='ltr'>tantum,</span> 
     </span>
     <span class='ocr_line' id='line_1_37' title="bbox 142 4295 1327 4383; baseline -0.001 -18"><span class='ocrx_word' id='word_1_294' title='bbox 142 4303 237 4365; x_wconf 86' lang='lat' dir='ltr'>utin</span> <span class='ocrx_word' id='word_1_295' title='bbox 266 4298 333 4376; x_wconf 72' lang='grc' dir='ltr'><strong><em>ἐμοὶ</em></strong></span> <span class='ocrx_word' id='word_1_296' title='bbox 359 4298 390 4363; x_wconf 84' lang='grc' dir='ltr'>δέ</span> <span class='ocrx_word' id='word_1_297' title='bbox 414 4298 538 4375; x_wconf 74' lang='grc' dir='ltr'><strong><em>μόλιςοι</em></strong></span> <span class='ocrx_word' id='word_1_298' title='bbox 560 4319 617 4383; x_wconf 92' lang='lat' dir='ltr'>pro</span> <span class='ocrx_word' id='word_1_299' title='bbox 641 4297 764 4375; x_wconf 79' lang='grc' dir='ltr'><strong><em>μόλιςοι</em></strong></span> <span class='ocrx_word' id='word_1_300' title='bbox 789 4296 815 4361; x_wconf 84' lang='grc' dir='ltr'>δ’</span> <span class='ocrx_word' id='word_1_301' title='bbox 838 4295 923 4372; x_wconf 65' lang='lat' dir='ltr'>aar,</span> <span class='ocrx_word' id='word_1_302' title='bbox 948 4297 1039 4360; x_wconf 90' lang='lat' dir='ltr'>ouius</span> <span class='ocrx_word' id='word_1_303' title='bbox 1061 4298 1107 4362; x_wconf 93' lang='lat' dir='ltr'>rei</span> <span class='ocrx_word' id='word_1_304' title='bbox 1129 4296 1163 4360; x_wconf 91' lang='lat' dir='ltr'>in</span> <span class='ocrx_word' id='word_1_305' title='bbox 1186 4302 1327 4382; x_wconf 89' lang='lat' dir='ltr'>tempore</span> 
     </span>
     <span class='ocr_line' id='line_1_38' title="bbox 143 4401 1329 4489; baseline -0.001 -19"><span class='ocrx_word' id='word_1_306' title='bbox 143 4425 266 4470; x_wconf 88' lang='lat' dir='ltr'>memor</span> <span class='ocrx_word' id='word_1_307' title='bbox 297 4401 476 4489; x_wconf 89' lang='lat' dir='ltr'>complures</span> <span class='ocrx_word' id='word_1_308' title='bbox 506 4408 616 4489; x_wconf 86' lang='lat' dir='ltr'>po&#39;e&#39;tee</span> <span class='ocrx_word' id='word_1_309' title='bbox 646 4423 756 4469; x_wconf 86' lang='lat' dir='ltr'>versus</span> <span class='ocrx_word' id='word_1_310' title='bbox 786 4407 842 4468; x_wconf 87' lang='lat' dir='ltr'>ant</span> <span class='ocrx_word' id='word_1_311' title='bbox 871 4403 1021 4481; x_wconf 70' lang='grc' dir='ltr'><strong><em>ἀμέτρους</em></strong></span> <span class='ocrx_word' id='word_1_312' title='bbox 1045 4407 1102 4467; x_wconf 89' lang='lat' dir='ltr'>aut</span> <span class='ocrx_word' id='word_1_313' title='bbox 1124 4403 1329 4484; x_wconf 74' lang='grc' dir='ltr'><strong><em>κακομέτροις</em></strong></span> 
     </span>
    </p>
   </div>
   <div class='ocr_carea' id='block_1_3' title="bbox 143 4505 1331 4663">
    <p class='ocr_par' dir='ltr' id='par_1_8' title="bbox 143 4505 1331 4663">
     <span class='ocr_line' id='line_1_39' title="bbox 143 4505 1331 4594; baseline -0.003 -17"><span class='ocrx_word' id='word_1_314' title='bbox 143 4511 302 4577; x_wconf 88' lang='lat' dir='ltr'>restitutis</span> <span class='ocrx_word' id='word_1_315' title='bbox 325 4511 467 4574; x_wconf 90' lang='lat' dir='ltr'>numeris</span> <span class='ocrx_word' id='word_1_316' title='bbox 487 4529 597 4574; x_wconf 89' lang='lat' dir='ltr'>sanare</span> <span class='ocrx_word' id='word_1_317' title='bbox 615 4510 744 4594; x_wconf 87' lang='lat' dir='ltr'>poteris.</span> <span class='ocrx_word' id='word_1_318' title='bbox 774 4506 813 4571; x_wconf 91' lang='lat' dir='ltr'>In</span> <span class='ocrx_word' id='word_1_319' title='bbox 831 4507 922 4573; x_wconf 85' lang='lat' dir='ltr'>Iliad.</span> <span class='ocrx_word' id='word_1_320' title='bbox 943 4515 984 4572; x_wconf 89' lang='lat' dir='ltr'>N.</span> <span class='ocrx_word' id='word_1_321' title='bbox 1008 4505 1075 4572; x_wconf 81' lang='lat'>204</span> <span class='ocrx_word' id='word_1_322' title='bbox 1097 4509 1131 4572; x_wconf 92' lang='lat' dir='ltr'>in</span> <span class='ocrx_word' id='word_1_323' title='bbox 1153 4507 1244 4574; x_wconf 89' lang='lat' dir='ltr'>libris</span> <span class='ocrx_word' id='word_1_324' title='bbox 1267 4515 1331 4576; x_wconf 89' lang='lat' dir='ltr'>est:</span> 
     </span>
     <span class='ocr_line' id='line_1_40' title="bbox 1155 4617 1184 4663; baseline 0.034 -1"><span class='ocrx_word' id='word_1_325' title='bbox 1155 4617 1184 4663; x_wconf 85' lang='grc' dir='ltr'>ιν</span> 
     </span>
    </p>
   </div>
   <div class='ocr_carea' id='block_1_4' title="bbox 0 0 1682 5086">
    <p class='ocr_par' dir='ltr' id='par_1_9' title="bbox 0 0 1682 5086">
     <span class='ocr_line' id='line_1_41' title="bbox 0 0 1682 5086; baseline 0 2"><span class='ocrx_word' id='word_1_326' title='bbox 0 0 1682 5086; x_wconf 95' lang='lat' dir='ltr'> </span> 
     </span>
    </p>
   </div>
  </div>
 </body>
</html>
