3356 5084
915 353 981 424 lea

349 567 412 634 quo
433 567 496 613 non
519 550 587 611 erat
608 566 725 612 nomen
754 546 843 614 aliud
874 549 910 612 in
933 547 1149 634 Peloponneso
1173 544 1312 613 odiosius
1334 549 1464 634 propter
1486 544 1549 610 ini·

350 673 447 739 quem
472 653 722 720 dominationem
746 653 1087 732 Lacedaemoniorum,
1113 673 1176 719 non
1198 655 1304 741 magis
1323 657 1371 719 est
1394 650 1550 717 credibile

350 779 447 845 quem
478 757 562 844 quod
592 756 719 848 fingunt
748 760 848 826 iidem
878 761 1009 842 οόνιρτιόόι
1031 761 1174 845 partibus
1196 760 1348 842 ονίιριιθσο,
1373 765 1431 824 test
1457 759 1549 824 ntae

348 864 445 930 saliae
467 864 655 930 Decemviros
670 865 862 950 praefuisse,
887 887 1036 952 quaeres
1055 887 1158 953 neque
1179 871 1293 932 testem
1316 866 1425 933 ullum
1449 865 1548 931 habet

349 977 382 1036 et
414 991 489 1037 oum
520 973 567 1036 rei
595 976 710 1038 nature
739 993 883 1058 pugnare
910 973 1047 1040 videtur.
1096 971 1240 1039 eutnaca
1271 979 1320 1038 est
1350 971 1434 1036 mibi
1466 967 1547 1035 olim

349 1078 487 1163 suspicio
509 1082 636 1143 vetusto
658 1097 748 1143 more
766 1061 961 1145 XAPXIAN
984 1099 1041 1165 pro
1059 1081 1249 1160 τετραρχίαν
1270 1081 1426 1166 scriptum
1447 1076 1547 1142 luisse

350 1183 446 1268 idque
468 1181 554 1249 male
577 1186 681 1250 nescio
705 1205 800 1270 quem
824 1185 1009 1272 explevisse.
1057 1187 1091 1251 Si
1109 1186 1265 1252 mendum
1288 1191 1354 1257 cst.
1380 1187 1547 1268 pervetus·
1669 1263 1670 1266 Ἴ

351 1292 424 1354 tum
447 1293 547 1354 estet
576 1287 820 1375 Harpocrationi
841 1293 1014 1378 imposuit,
1045 1294 1101 1378 qui
1123 1293 1170 1358 ite
1192 1293 1303 1358 scribit
1327 1313 1357 1358 ν.
1382 1287 1544 1367 Δεκαδαρ-

351 1395 432 1477 χόατ
455 1430 496 1443 -
519 1394 672 1470 Φίλιππος
704 1400 790 1479 παροδ
823 1407 995 1473 Θετταλοῖς
1020 1396 1229 1479 δεκαδαρχίαν
1255 1398 1288 1462 οό
1312 1393 1484 1470 κωτὲσησεν
1507 1396 1547 1465 uis

352 1502 534 1582 γέγραπται
560 1503 590 1566 ἐν
613 1499 691 1584 ἕκτῳ
712 1509 905 1570 Φιλιππικῶν
927 1505 974 1589 (id
994 1511 1042 1570 est
1062 1509 1096 1570 in
1115 1506 1174 1570 hae
1194 1502 1331 1570 secunda
1349 1499 1545 1588 Philippica)

352 1607 441 1674 όλλόο
464 1610 664 1690 τετραρχίαν.
710 1607 831 1678 Haeret
853 1612 976 1696 etipse
998 1613 1034 1676 in
1056 1613 1213 1696 scriptura
1236 1613 1393 1694 corrupte.
1440 1604 1548 1688 Quam

353 1716 418 1780 sint
440 1717 572 1800 antiqua
592 1717 626 1780 in
648 1713 740 1781 libris
762 1721 909 1783 veterum
932 1719 1014 1784 vitia
1036 1719 1213 1784 scribarum
1236 1717 1270 1782 in
1290 1713 1425 1780 Platone
1444 1717 1549 1778 osten·

354 1821 461 1888 dimus
484 1826 517 1886 et
540 1822 575 1886 in
596 1820 809 1888 Demosthene
832 1819 916 1889 intre
938 1823 1152 1890 ostendemus.

398 2030 536 2097 Laborat
564 2028 789 2096 Demosthenis
818 2032 976 2098 sententia
1008 2053 1082 2120 pag.
1097 2030 1151 2100 71.
1179 2030 1232 2097 16.
1258 2030 1345 2109 ὑμεῖς
1370 2029 1402 2094 δὲ
1424 2029 1546 2095 διδόντα

353 2139 410 2215 μὲν
433 2137 485 2202 καὶ
517 2136 758 2218 ὑπισχνούμενον
783 2138 971 2218 θεωρεῖτε
996 2141 1167 2217 Φόλιτπον,
1194 2133 1417 2215 ἐξηπατηκότα
1440 2136 1468 2201 δ’
1493 2135 1545 2211 ἤδη

352 2242 406 2307 καὶ
431 2241 734 2324 παρακεκροιισμένον
765 2243 942 2327 όπεόχεσθε
967 2245 1006 2311 όν
1030 2244 1197 2328 composti?
1222 2244 1306 2310 ἰδεῖν.
1353 2241 1458 2308 Serum
1482 2261 1545 2307 cas·

351 2369 425 2414 sum
449 2352 498 2414 est
519 2350 572 2414 τόν
595 2348 748 2415 Φίλιππον
773 2350 887 2432 θεωρεῖν
912 2353 979 2418 sive
1002 2351 1128 2417 θεᾶσθαι
1152 2355 1197 2418 aio
1221 2351 1364 2418 absolute
1385 2351 1543 2436 positum,

351 2454 407 2520 sed
429 2456 499 2540 ipsa
528 2453 591 2522 leci
620 2459 776 2522 sententie
806 2463 838 2523 et
868 2460 1025 2544 oppositio
1055 2466 1141 2524 recta
1167 2458 1257 2524 ducit
1284 2457 1324 2524 ed
1348 2472 1482 2525 verum:
1505 2453 1547 2520 δι-

352 2560 444 2627 δόντα
467 2560 523 2640 μὲν
548 2560 599 2624 καὶ
635 2561 891 2644 ὑπισχνούμενοΝ
924 2567 1085 2631 'tinette
1109 2568 1280 2649 'oeATe,
1303 2566 1357 2630 eui
1379 2561 1549 2649 respondet

352 2669 387 2732 in
409 2687 476 2753 sqq.
504 2667 726 2747 ἐξηπατηκότα
750 2680 807 2736 ΔΕ
821 2708 862 2718 -
876 2669 1048 2749 όπεόξεσθε
1071 2672 1109 2738 civ
1133 2677 1308 2753 σωφρονῆτε
1332 2670 1416 2736 ἰδεῖν.
1452 2667 1549 2735 Nunc

354 2772 501 2859 quidem,
532 2777 655 2861 inquit,
678 2775 870 2864 largientem
894 2783 926 2843 et
947 2777 1182 2864 pollicitantem
1205 2777 1396 2864 Philippum
1419 2775 1549 2840 libenter

352 2880 475 2966 ον’όοόόο,
499 2881 571 2966 sed,
594 2883 621 2947 si
643 2884 773 2968 sepitis,
799 2883 1047 2969 deprecabimini
1070 2905 1111 2950 ne
1133 2905 1289 2970 umquam
1309 2903 1386 2948 eum
1409 2881 1548 2948 videatis

352 2989 493 3073 potitum
532 2989 572 3052 iis
611 2993 801 3075 quapropter
830 3011 914 3055 nunc
946 2988 1035 3056 dolos
1065 2996 1097 3056 et
1128 2989 1270 3056 fallaciae
1304 2989 1457 3055 adversus
1490 3006 1548 3054 ros

352 3095 459 3158 struit.
506 3093 616 3168 Ἡδέως
648 3095 718 3176 apat
748 3119 819 3162 τινα
841 3103 955 3162 notum
979 3104 1027 3162 est
1050 3117 1086 3162 ac
1110 3097 1265 3183 frequens.
1313 3093 1491 3163 Menander
1511 3095 1546 3158 in

353 3198 483 3264 Μοκσοό.
509 3199 586 3268 501.

645 3306 697 3372 τόν
721 3308 889 3389 εόποροῦνθ
915 3305 1025 3377 leaeo:
1049 3306 1142 3384 ἡδέως
1165 3308 1229 3392 όρρῖ.

399 3412 535 3480 Plautus
557 3413 740 3480 Μοιιαοοόοι.
764 3413 820 3480 ΠΙ.
847 3412 877 3480 3.
903 3412 958 3482 17.

581 3521 701 3606 amodo,
725 3520 767 3584 mi
793 3521 997 3598 Menaechme,
1023 3521 1142 3585 όνισιιοοο
1164 3521 1205 3584 do
1226 3519 1318 3603 miti,

581 3632 616 3690 ac
638 3633 667 3692 te
691 3625 817 3692 libenter
839 3628 970 3708 κόθορνοι,
994 3651 1083 3715 qaam
1105 3628 1147 3690 οό
1167 3649 1220 3691 οισι
1243 3630 1367 3692 om.

401 3729 522 3799 Graece
546 3731 681 3798 dixeris:

647 3835 684 3904 ἵν’
709 3838 799 3916 ἡδέως
821 3840 874 3920 όρῶ
899 3863 933 3906 σε
958 3837 1105 3922 Φοιτόντ’
1131 3839 1246 3906 ε’νθόδε.

400 3941 559 4010 Similiter
582 3943 666 4025 όρῶοι
689 3947 724 4011 in
748 3946 882 4028 θεωροῦσι
906 3947 992 4013 male
1015 3967 1203 4014 conversum
1226 3945 1351 4012 videbis
1374 3962 1449 4032 pag.
1468 3939 1544 4008 247.

353 4049 409 4116 20.
441 4049 513 4127 ὑμῖν
543 4050 673 4116 δότ-ἐν
704 4056 783 4116 πῖοσι
815 4053 866 4118 καὶ
899 4053 1004 4132 λόγοις
1036 4053 1088 4120 καὶ
1120 4055 1369 4134 templacensis
1394 4057 1454 4116 τῶν
1478 4071 1544 4128 προ·

353 4153 449 4235 γόνων
470 4157 579 4236 ἀρετῆς
612 4158 821 4236 ὑπομνήμαθ’
851 4165 1010 4236 ὈΡΩΟΙ,
1040 4161 1098 4226 ubi
1128 4159 1214 4226 solus
1238 4157 1262 4225 S
1284 4157 1435 4225 mendose
1459 4157 1544 4223 exhi-

353 4263 425 4328 bet:
451 4261 620 4342 όπόρονηρια
644 4264 800 4350 θεωροῦσι,
825 4267 909 4351 quod
931 4269 971 4333 ob
994 4267 1183 4353 praecedens
1206 4269 1378 4346 θεωρήμασι
1397 4262 1543 4331 ἰιιίιοθιιτιι-

353 4369 418 4435 bile
440 4376 489 4434 est
511 4377 544 4435 et
567 4371 606 4437 ab
629 4371 778 4437 omnibns
801 4373 964 4438 reiectum.

398 4474 436 4540 Iu
460 4477 549 4543 exitu
571 4475 634 4544 loci
664 4477 883 4544 scribendum:
913 4479 1090 4551 οἱπεόΞεσθε
1113 4501 1172 4567 pro
1196 4477 1395 4562 ἀπεύχεσθε,
1421 4481 1496 4566 quis
1517 4479 1542 4542 si
