3342 5080
906 345 972 432 tto

344 542 414 622 viti
459 542 563 621 Nemo
593 544 710 622 hercle.
757 551 876 620 'lacent
906 555 1039 638 caeteri,
1070 551 1255 620 Schaeferua
1281 555 1427 620 annotat:
1454 541 1534 632 „oo

344 661 430 744 ἰοιιρι
451 661 665 746 ineptissimum
687 659 759 726 aa?
804 659 892 728 Hem
915 657 1090 728 Ortticuml

391 871 472 962 Pag.
504 869 580 938 718.
614 869 643 936 4.
677 870 691 936 ὃ
723 869 750 934 δ’
781 867 903 952 ἔγραψε
932 877 996 943 τοῖς
1027 869 1176 952 προέδροις
1206 869 1385 950 ἕτάνοιγκες
1409 869 1464 936 ἒάν
1488 893 1533 944 τις

346 979 455 1061 mitet
491 975 668 1059 rpocctyan.
725 975 810 1043 Bene
845 977 1026 1044 emendavit
1059 977 1222 1044 Dobraeus
1256 977 1325 1050 τοὺς
1361 977 1532 1060 προέδρους.

345 1084 421 1152 Sine
450 1086 531 1152 vitio
554 1083 681 1173 ¹legItur
702 1103 776 1172 pag.
802 1080 880 1151 727.
909 1083 960 1150 11.
984 1084 1054 1157 τοὺς
1072 1083 1104 1150 δὲ
1125 1081 1279 1165 προεδρους
1300 1083 1535 1166 ἐπιχειροτονεῖν

345 1189 536 1269 ε’πάνοιγκες.

391 1403 470 1492 Peg.
497 1399 573 1468 719.
599 1398 652 1468 17.
678 1399 731 1466 κοιὶ
753 1401 816 1480 μὴν
838 1399 899 1467 οὐδ’
920 1398 1017 1466 ἐκεῖνό
1036 1399 1070 1480 γ’
1088 1399 1128 1466 ἀν
1146 1399 1241 1476 εἴποις
1261 1403 1300 1475 ὥς
1320 1397 1398 1475 ὅσοις
1418 1401 1534 1482 δεσμοῦ

345 1512 556 1591 προστιμᾶται
587 1506 701 1573 τούτων
730 1507 855 1585 μάλιςιι
881 1508 911 1593 [ἢ
935 1508 978 1573 τά
1001 1506 1135 1593 μέγιςοι]
1160 1508 1312 1574 ἀδικοῦσιν
1335 1509 1362 1573 ci
1386 1515 1532 1575 τελῶναι.

348 1655 389 1666 --
408 1615 488 1682 πολὺ
518 1615 581 1696 rep
611 1614 707 1691 δήπου
738 1623 929 1680 ΜΑΑΛΟΝ
961 1615 987 1680 οῖ
1018 1613 1204 1695 προδιδόντες
1235 1639 1264 1681 τι
1289 1620 1347 1680 τῶν
1372 1622 1533 1682 κοινῶν-

347 1724 509 1789 ἀδικοῦσιν.
556 1720 675 1787 Reseca
705 1719 722 1796 ἢ
756 1721 799 1785 rai
829 1719 971 1799 μὲνιςιι,
1003 1741 1084 1806 quae
1118 1722 1215 1788 verba
1248 1743 1287 1788 ex
1317 1722 1538 1810 dittographia

347 1835 423 1897 nata
456 1829 540 1894 eunt.
592 1826 719 1894 Dicitur
751 1832 807 1893 aut
840 1829 978 1904 μάλλον,
1013 1825 1138 1905 adarca
1173 1828 1306 1905 ἀδικεῖν,
1343 1833 1401 1894 aut
1432 1827 1538 1910 μεῖζον

349 1933 488 2021 (μείζω),
520 1931 563 1999 τά
587 1932 707 2011 atym
731 1931 855 1998 ἀδικεῖν.
879 1953 953 2021 pag.
979 1928 1053 1998 710.
1079 1932 1111 1998 2.
1138 1971 1179 1982 -
1198 1935 1241 1999 τά
1264 1933 1373 2013 μέντ’
1396 1935 1540 2011 ἠδίκησεν

348 2044 412 2109 κτὲ.
437 2062 511 2130 pag.
539 2037 615 2107 738.
642 2037 694 2104 28.
721 2039 828 2117 remeo
851 2037 973 2104 ἒλάττυ
992 2039 1116 2112 τούτους
1137 2039 1253 2105 ἀδικεῖν
1273 2039 1393 2105 ἐκεῖνον
1413 2042 1539 2120 νομῖσοιι

348 2150 475 2230 Φήσεις,
494 2183 536 2195 -
553 2146 579 2210 εἰ
600 2141 632 2210 δὲ
652 2143 747 2226 μεῖζον
768 2143 894 2226 νομίζων
912 2147 976 2211 κτὲ.
997 2167 1072 2234 pag.
1094 2143 1168 2214 753.
1190 2143 1244 2211 20.
1265 2144 1382 2227 πότεροι
1400 2147 1540 2213 δοκοῦσιν

348 2255 464 2322 ἀδικεῖν
484 2255 608 2331 μᾶλλον
626 2289 668 2300 -
686 2252 711 2315 οῖ
732 2255 940 2330 γεωργοῦντες
958 2289 1001 2300 -
1020 2251 1037 2328 ἢ
1058 2253 1083 2317 οἱ
1103 2251 1145 2316 τά
1166 2252 1253 2333 πιιρά
1272 2257 1331 2318 τῶν
1353 2252 1540 2334 συμμάχιυν

346 2360 548 2434 κλέπτοντεςς
594 2355 729 2422 Interest
764 2356 886 2442 aliquid
919 2359 1003 2424 inter
1033 2363 1203 2443 utramque
1234 2358 1359 2424 dicendi
1381 2359 1537 2425 formam:

348 2466 473 2549 πότερος
498 2467 622 2542 μᾶλλον
646 2463 760 2550 ἀδικεῖς
785 2468 817 2529 et
839 2463 963 2543 πότερος
987 2464 1090 2531 ἀδικεῖ
1108 2463 1229 2546 μεῖζον;
1251 2464 1308 2530 illo
1335 2467 1422 2531 enim
1440 2467 1539 2532 modo

347 2575 510 2661 quaeritur
531 2577 597 2635 uter
619 2571 660 2635 cit
682 2570 849 2648 nocentior,
873 2570 933 2636 hoc
956 2579 1026 2636 utro
1048 2572 1090 2636 rit
1111 2572 1229 2636 νἰιὶιιιῖο
1248 2571 1380 2655 pravior.
1421 2572 1539 2659 Itaque

347 2685 453 2747 nostro
487 2676 557 2744 loco
592 2674 717 2754 μάλιτοι
752 2678 845 2742 unice
877 2697 991 2744 verum
1028 2682 1096 2756 est,
1133 2677 1216 2763 quod
1250 2698 1383 2762 sequena
1413 2683 1540 2758 μᾶλλον

347 2785 523 2855 confirmat.

390 2995 470 3082 Pag.
504 2990 579 3057 719.
611 2991 666 3058 21.
690 2993 770 3058 πολὺ
794 2994 857 3075 γάρ
880 2992 975 3070 δήπου
998 2998 1121 3071 μάλλον
1139 3031 1182 3044 -
1199 2991 1224 3060 οἱ
1246 2995 1291 3074 μὴ
1315 2995 1454 3077 κριθοιράς
1477 2997 1538 3072 τάς

344 3109 455 3184 χεῖρας
487 3096 612 3180 ἔχοντες
644 3097 787 3172 εῖσιδντες
820 3098 873 3186 [δ’]
904 3101 947 3174 εἰς
977 3102 1032 3175 σὺν
1055 3101 1173 3181 ἀγοράν
1196 3103 1360 3167 ἀδικοῦσιν.
1407 3101 1539 3189 Duplex

344 3212 379 3273 in
409 3207 460 3272 his
491 3207 597 3274 verbis
627 3205 781 3271 mendum
812 3207 905 3272 ineat.
951 3206 1101 3272 Primum
1124 3207 1296 3274 molestum
1320 3207 1351 3272 δι’
1377 3207 1539 3294 expellen-

345 3314 424 3380 dum
455 3317 519 3390 eat,
544 3311 628 3396 quod
651 3313 766 3378 vitiose
789 3312 947 3378 abundare
971 3334 1009 3378 ex
1030 3314 1090 3379 hnc
1112 3314 1263 3380 orationis
1285 3312 1389 3378 forma
1411 3317 1534 3400 perspi-

344 3440 440 3485 cuum
465 3422 531 3483 eat:
552 3415 659 3490 οἵτινες
682 3419 726 3495 μὴ
750 3419 888 3499 κοιάοιράς
911 3419 969 3491 τάς
993 3428 1104 3501 χεῖροος
1130 3415 1253 3500 ἔχοντες
1278 3419 1471 3501 εἰσέρχονται
1492 3423 1534 3495 εἰς

344 3525 399 3599 τὴν
432 3521 567 3604 ἀνοράν,
599 3525 633 3588 in
664 3544 726 3608 qua
755 3525 784 3589 ei
815 3521 919 3596 οἵτινες
946 3525 1136 3609 εῖσέρχοντοιι
1160 3531 1308 3592 manente
1331 3526 1445 3592 eadem
1468 3549 1536 3594 een·

345 3633 446 3696 tentia
467 3631 501 3694 in
523 3631 729 3715 participium
753 3633 944 3696 converteris
966 3632 1044 3698 haec
1067 3633 1171 3698 forma
1189 3633 1303 3698 exibit:
1324 3631 1350 3696 oi
1369 3633 1416 3710 nir
1440 3635 1537 3698 κιιάο-

345 3737 400 3818 ράς
433 3735 492 3808 τάς
524 3743 633 3815 χεῖροις
665 3735 788 3816 ἔχοντες
813 3737 957 3810 εῖσιόντες
982 3739 1023 3810 εἷς
1048 3740 1103 3813 τὴν
1126 3735 1255 3817 acoleo.
1303 3735 1415 3804 Solent
1438 3735 1538 3806 Grae-

347 3841 412 3910 culi
434 3844 469 3906 in
491 3840 676 3906 huiuamodi
698 3843 940 3928 participiorum
963 3864 1116 3910 concursu
1139 3845 1248 3909 turbae
1271 3841 1364 3920 dare,
1388 3850 1428 3910 ut
1446 3845 1537 3912 lucu·

345 3949 446 4016 lenter
470 3946 607 4013 ostendit
630 3946 792 4015 Dobraeua
815 3949 856 4014 ad
879 3949 1109 4014 Ασίιιοονσιιονν
1132 3968 1206 4038 pag.
1232 3945 1308 4013 689.
1334 3947 1365 4014 5.

391 4053 558 4119 Praeterea
580 4052 700 4118 offendo
722 4056 757 4118 in
778 4055 885 4122 verbis
908 4057 934 4120 οῖ
956 4057 1001 4133 μὴ
1026 4055 1161 4134 κοάοιράς
1180 4053 1239 4126 τάς
1260 4059 1370 4136 χεῖροις
1392 4050 1534 4134 ἔχοντες,

345 4163 422 4246 quia
450 4179 514 4224 non
545 4159 590 4223 cic
621 4156 750 4224 Veteres
780 4161 814 4225 in
845 4181 882 4226 ea
910 4182 944 4226 re
973 4160 1184 4246 loquebantur
1213 4159 1267 4226 sed
1290 4159 1316 4224 οῖ
1339 4159 1385 4238 μὴ
1409 4163 1535 4244 καθαροὶ

347 4267 406 4337 τάς
429 4273 539 4344 χεῖρας
563 4262 727 4342 dicebant,
752 4271 790 4330 ut
813 4267 847 4332 in
870 4267 1063 4352 praefatione
1086 4283 1265 4332 sacrorum:
1289 4261 1352 4338 ὅτις
1377 4266 1439 4339 τάς
1467 4275 1537 4350 χεῖ-

345 4395 400 4453 ροις
430 4371 474 4449 μὴ
507 4369 636 4450 κοθοιρδς
669 4372 686 4446 ἢ
718 4379 774 4446 τῆς
805 4377 908 4454 Φυνῆς
940 4371 1097 4449 ἀξύνετος.
1143 4371 1237 4438 Plato
1271 4371 1308 4434 de
1337 4371 1428 4460 chy.
1461 4395 1536 4464 pag.

348 4475 422 4546 864.
445 4495 475 4542 n.
509 4477 590 4552 πλὴν
621 4474 659 4540 ἀν
692 4474 752 4560 cipe
771 4515 812 4526 —-
832 4480 876 4556 μὴ
911 4477 1041 4560 κοιάοιρδς
1077 4475 1094 4563 ᾗ
1128 4478 1187 4551 τάς
1221 4483 1352 4562 χοῖρος,
1389 4485 1423 4545 et
1459 4480 1538 4548 alibi
