3348 5086
728 323 793 394 ³97

162 517 330 580 annotatur
353 513 394 578 ad
424 534 473 581 ve.
501 512 577 581 329.
610 515 810 584 aberrem*
791 541 836 584 οτι
861 528 1001 597 γελοῖος,
1026 523 1052 587 εἱ
1077 523 1094 598 η
1117 521 1216 602 μελέα
1241 523 1354 600 έπετιέ-

161 620 248 685 δενσε
277 646 321 700 μη
352 622 528 699 οέποταμεῖν
557 623 608 687 τὸν
641 621 876 706 οέσφοέραχον“
860 651 909 690 ινα
934 631 1137 712 προσφωνηση
1161 631 1245 695 τδν’
1249 640 1354 752 Λχιλ-

161 724 299 791 λέα.--
322 726 372 790 διὰ
398 723 474 792 b
398 750 555 804 ομοιον
579 729 736 795 σέέετεῖται
761 733 901 798 κακεῖνο

344 825 407 898 εὗδ’
434 834 676 923 έδεδειπνέκει,
700 837 714 900 b
739 837 770 904 δέ
795 837 940 905 παύσατο
966 841 1039 914 brier
1064 842 1173 918 οὶοιδές.

208 1040 266 1110 on
293 1053 341 1110 Ω.
368 1043 421 1110 39.

296 1150 486 1232 μαρνάμενοι
511 1151 577 1233 περὶ
602 1158 684 1233 σεῖο,
708 1153 746 1218 σὺ
770 1152 797 1217 δ’
820 1154 850 1218 έν
873 1154 1068 1236 τροφέλιγχι
1094 1157 1191 1234 κυνέης

299 1265 383 1323 κεῖσο
406 1256 511 1336 μέγας
536 1259 703 1337 μεχαλωτὶ
728 1259 918 1340 λελασμένος
941 1260 1147 1329 ἱπποσυνάων.

161 1366 202 1431 ud
225 1365 318 1432 Iliad.
343 1376 383 1431 Π.
409 1363 486 1432 775.

274 1471 477 1552 μαρναμένων
501 1471 587 1553 ἄμφ’
615 1469 725 1548 αὐτόν,
748 1463 762 1535 b
786 1470 814 1537 δ’
839 1473 870 1537 έν
892 1473 1088 1555 τροφαλιγχι
1114 1474 1211 1549 κονίης

275 1586 358 1644 κεῖτο
380 1578 486 1657 μέγας
510 1577 675 1656 μεχαλωςὶ
700 1577 892 1657 λελασμένος
918 1580 1123 1645 ἱπποσυνάων.
1215 1657 1216 1660 ¹

160 1691 348 1753 annotatur:
381 1686 394 1748 b
427 1685 583 1766 οὶςερέσκος
616 1679 661 1749 έτι
690 1686 731 1758 εἷς
757 1687 811 1760 την
843 1686 985 1768 δευτέραν
1010 1687 1143 1753 Νέκυιαν
1167 1686 1354 1766 μετάκειται

160 1795 221 1874 οὐχ
245 1793 349 1870 ὑγιῶς.

205 1900 333 1966 Harum
364 1899 509 1963 omnium
541 1895 710 1970 σέέετήσεων
744 1899 779 1960 in
803 1893 959 1974 Scholiie,
983 1917 1063 1982 quae
1087 1901 1272 1984 supersunt,
1298 1921 1355 1966 nee

160 2007 234 2074 vola
264 2012 313 2072 eet
343 2026 401 2070 nee
431 2005 618 2090 vestigium.
666 2002 770 2082 Quem
800 2001 921 2068 multus
952 2003 1030 2068 eliae
1054 2006 1121 2068 eine
1144 2004 1211 2070 ullo
1235 2005 1353 2072 iudicio

161 2114 290 2197 periisse
321 2107 489 2196 putemus?
533 2109 783 2194 Nonnumquam
818 2109 940 2174 fantum
971 2114 1019 2175 eet
1046 2116 1084 2175 ut
1116 2113 1150 2174 in
1181 2110 1352 2185 αθετήσεως

160 2221 323 2283 mentione
342 2219 450 2302 spuria
469 2217 501 2282 et
515 2218 655 2303 genuine
674 2215 958 2294 confunderentur,
979 2219 1070 2281 cuiue
1089 2219 1135 2282 rei
1152 2216 1233 2282 dubo
1252 2239 1355 2282 unum

161 2323 346 2409 exemplum
377 2327 416 2387 ut
446 2343 583 2388 errorem
610 2343 629 2386 a
660 2321 806 2387 Bekkero
829 2325 1038 2389 commissum
1061 2343 1205 2410 arguam.
1252 2323 1354 2412 Lege·

162 2429 255 2496 betur
278 2429 370 2496 Iliad·
392 2441 425 2494 Β.
452 2427 528 2494 668.

344 2538 456 2616 τριχέοὶ
481 2536 512 2600 δὲ
534 2534 662 2609 εοέκηέεν
686 2535 912 2616 καταφυλαδδν
935 2535 979 2612 ἡδ’
1003 2535 1148 2618 ε’φίληέεν

344 2644 378 2708 έκ
402 2642 493 2720 Διές,
518 2639 569 2711 bre
593 2643 682 2707 θεοῖσι
707 2642 759 2706 καὶ
783 2643 959 2722 ἀνθρώποισι
984 2642 1145 2720 ιανοέσσει,

343 2750 397 2814 καί
419 2755 494 2830 σφιν
517 2747 673 2814 έεσπέσιον
697 2753 828 2814 πλοῦτον
854 2748 1010 2830 κατέχευε
1034 2751 1167 2830 Κρονίων.

203 2855 291 2921 Audi
313 2855 553 2921 Aristarchum:
578 2856 610 2920 οὐ
636 2855 744 2928 νοήσας
769 2878 815 2929 τις
841 2849 886 2920 ὅτι
910 2855 945 2920 rb
969 2856 1190 2935 σημαινόμενον
1220 2856 1353 2922 τοιοῦτέν

159 2963 220 3030 res·
257 2959 369 3039 καέπερ
405 2962 458 3026 οὐκ
489 2961 538 3025 ἐπὶ
571 2967 626 3034 τῆς
660 2961 758 3035 αὐτῆς
794 2963 942 3035 οἰκοῦντες
982 2960 1099 3034 πόλεως
1135 2963 1224 3029 α’λλδι
1259 2974 1352 3048 τριχῇ

158 3065 381 3150 διασπαρέντες
407 3067 598 3150 ἐφιλιὶέησαν
622 3064 675 3132 ὑπ’
702 3068 848 3142 αλλήλων
874 3067 925 3132 καὶ
952 3069 983 3134 οὐ
1005 3070 1221 3150 διήχθρευσαν,
1249 3069 1354 3153 έζήτη-

159 3199 209 3239 κεν
234 3174 292 3240 ὑπὸ
316 3174 395 3247 τίνος
418 3174 620 3257 έφιλήέησαν.
646 3173 689 3238 διὸ
713 3173 877 3254 προσέθηκε
903 3173 973 3238 τόν·

354 3282 387 3346 έκ
412 3279 560 3354 Διδςέςε
583 3282 672 3347 έεοῖσι
697 3284 750 3346 καὶ
773 3279 966 3362 ἀνθρώποισιν
989 3280 1130 3348 οένοέσσει.

160 3391 191 3452 et
215 3388 256 3453 ad
277 3407 325 3453 ve.
351 3384 428 3453 670.
453 3391 470 3463 η
495 3388 588 3463 διπλῆ
613 3383 658 3452 ὅτι
680 3388 824 3468 Πίνδαρος
849 3387 954 3468 κυρίως
980 3388 1118 3453 δέδεκται
1143 3389 1257 3470 χρυσὸν
1277 3386 1350 3455 ὗσαι

158 3493 207 3558 τὸν
233 3491 297 3559 Δέα
322 3495 456 3574 Ὀμήρου
480 3500 648 3579 μεταφορᾷ
681 3493 869 3576 κεχρημένου
894 3495 945 3559 διὰ
970 3499 1023 3560 τοῦ
1047 3495 1254 3576 κατέχευε
1278 3498 1350 3578 πρὸς

161 3597 300 3684 ἔμφασιν
323 3605 375 3666 τοῦ
404 3602 548 3667 πλούτου.
908 3627 910 3630 ·

202 3705 283 3772 Vide
313 3729 398 3772 nune
428 3710 463 3772 in
494 3730 589 3794 quem
621 3728 759 3773 errorem
783 3728 816 3774 ee
843 3708 983 3774 induerit
1005 3709 1136 3776 Pindari
1160 3707 1359 3775 Schoiieetee

160 3813 198 3878 ud
222 3812 404 3901 Olympion.
430 3814 500 3880 VII.
525 3815 578 3880 62.

383 3919 453 3986 ἔνθα
478 3921 553 3986 ποτέ
575 3921 675 4002 βρέχε
701 3923 771 3986 θεῶν
794 3921 947 4000 βασιλεὺς
971 3924 985 3987 b
1009 3921 1113 4000 μέγας

383 4027 530 4106 χρυσέαις
554 4028 716 4108 νιφοέδεσσι
741 4025 840 4093 πέλιν.

159 4134 213 4216 qui
234 4133 364 4197 scribit:
396 4137 485 4198 τοῦτο
517 4136 658 4216 ἀντικρὺς
689 4135 723 4200 έκ
746 4140 799 4200 τοῦ
833 4133 1033 4212 οὶέετονμένου
1066 4137 1232 4216 Ὁμηρικοῦ
1257 4134 1349 4217 ςέχου

160 4235 289 4319 εἴληφεν
311 4239 325 4303 b
350 4240 513 4320 Πίνδαρος·

341 4345 395 4409 καέ
417 4353 491 4425 σφιν
516 4347 672 4412 θεσπέσιον
696 4352 827 4412 πλοῦτον
852 4349 1006 4429 κατέχευε
1031 4346 1164 4428 Κρονίων.

159 4451 247 4518 rides
278 4453 355 4540 quid
387 4459 478 4519 erret.
525 4455 727 4544 Aristarchus
758 4458 844 4522 enim
874 4456 958 4523 hunc
985 4476 1116 4521 versum
1138 4473 1200 4519 non
1223 4453 1349 4531 ἠδέτησε
