3356 5086
840 344 908 416 284

283 554 339 626 pro
356 540 491 607 undecim
509 540 599 608 rides
618 542 713 605 decem
731 538 855 605 litteras
873 541 985 604 inesse.
1009 537 1114 604 Proba
1132 537 1235 603 forma
1253 535 1309 611 ἱεῖς
1326 531 1470 602 restituit

282 644 463 712 artificium.

327 752 455 819 Scribae
477 754 533 838 qui
554 751 632 818 locis
654 753 809 817 sexcentis
833 787 875 799 -
903 759 968 815 ele
989 752 1024 815 in
1048 786 1090 799 -
1112 757 1165 814 Hc
1185 753 1391 835 corruperunt
1407 768 1470 814 non

283 860 391 924 minus
410 879 516 943 saepe.
529 859 712 942 praesertim
725 860 759 921 in
770 857 862 922 libris
873 857 1064 942 pervetustis
1075 859 1113 918 ut
1124 855 1158 919 in
1170 854 1313 921 Platonis
1325 854 1471 922 Parisino

284 975 313 1029 A
337 971 370 1029 et
393 963 616 1029 Demosthenis
639 961 676 1047 S,
700 969 840 1029 veterem
863 962 1000 1028 formam
1020 959 1144 1037 ξυνιεῖς.
1167 961 1307 1031 tractae
1332 967 1393 1027 cet.
1412 967 1471 1027 aut

283 1071 443 1156 integram
463 1076 668 1135 servaverunt
687 1075 744 1134 aut
762 1067 925 1133 lenissimo
944 1066 1060 1132 mendo
1078 1069 1112 1131 in
1124 1069 1328 1152 participium
1340 1065 1467 1144 ξυνιείς,

283 1175 427 1247 διατιθείς
445 1174 655 1260 refluxerunt,
677 1174 761 1239 unde
784 1194 859 1239 vera
877 1172 971 1238 lectio
990 1174 1139 1237 continuo
1158 1170 1308 1258 pellucet.
1343 1172 1471 1262 Collegi

284 1279 436 1347 nonnulla
456 1281 494 1346 de
514 1301 629 1368 genere
648 1280 707 1345 hoc
729 1282 763 1343 in
783 1277 993 1365 Mnemosyne
1016 1275 1112 1342 1860.
1132 1297 1205 1365 pag.
1220 1276 1285 1345 372
1298 1301 1362 1365 sqq.
1377 1279 1472 1366 plura

284 1385 363 1452 alios
386 1391 442 1452 aut
465 1387 504 1452 ad
526 1385 695 1460 Platonem
719 1391 775 1450 aut
798 1385 838 1451 ad
861 1384 1106 1450 Demosthenem
1131 1383 1272 1450 daturus.
1317 1385 1412 1450 Nunc
1431 1384 1471 1450 de

284 1511 347 1556 uno
367 1489 521 1576 Sophocle
540 1491 656 1558 dicam.
680 1489 860 1556 Dindorfius
879 1489 979 1556 edidit
996 1492 1030 1554 in
1049 1490 1169 1554 Electra
1182 1489 1258 1556 596.
1274 1481 1410 1563 ἣπῖισνιν
1423 1487 1470 1566 inc

283 1604 442 1677 γλῶσσαν.
467 1604 499 1663 et
525 1595 620 1665 1347.
648 1598 717 1676 οὐχὶ
742 1597 841 1673 ξυνίης
849 1617 857 1674 ;
882 1599 966 1662 etin
990 1596 1061 1662 Oed.
1084 1597 1151 1678 Tyr.
1172 1595 1249 1661 628.
1269 1598 1294 1660 εί
1315 1597 1346 1661 δὲ
1366 1596 1469 1675 ξυνίης

284 1703 396 1782 credda
421 1706 509 1769 etin
531 1703 658 1768 Philoct.
683 1702 760 1768 992.

510 1809 591 1880 drabe
616 1809 773 1888 προτείνων
795 1809 866 1881 τοὺς
887 1809 968 1876 tets
991 1808 1115 1890 ψευδεῖς
1139 1809 1234 1883 τίθης.

329 1913 366 1980 In
397 1914 567 2002 archetypo
594 1909 709 1980 Codice
739 1919 786 1980 est
812 1920 918 1980 πασᾶν
942 1911 1000 1980 ίενσ
1028 1953 1069 1965 -
1093 1915 1163 1997 ttl'xl
1187 1913 1300 1989 Ευνίεισ
1324 1914 1413 1979 -εί
1439 1913 1471 1979 δὲ

284 2019 397 2097 fotino
413 2057 454 2069 -
472 2020 601 2099 ψευδεῖσ
624 2021 730 2085 reicis.
764 2022 922 2087 Accentus
944 2027 1072 2087 tantum
1095 2024 1230 2088 vitiosus
1253 2029 1301 2086 est
1319 2039 1375 2106 pro
1395 2019 1469 2097 ἱεῖς,

285 2127 409 2206 ξυνιεῖς,
434 2129 556 2212 τνίεῑς.Ι
583 2125 715 2192 Porsoni
738 2130 910 2192 auctoritas
933 2128 986 2213 (ad
1018 2129 1112 2192 Orert.
1136 2149 1185 2194 rs.
1211 2126 1307 2212 141),
1334 2145 1413 2212 quac
1437 2128 1472 2190 in

286 2235 416 2300 caeteris
438 2234 508 2298 iure
529 2234 721 2320 gravissima
743 2239 806 2318 est,
829 2255 912 2300 nunc
934 2235 1064 2320 quidem
1085 2232 1246 2300 Dindorho
1269 2234 1435 2318 imposuit.

528 2754 656 2824 Vsusne
678 2775 763 2824 arun
785 2756 954 2824 Hermann
975 2775 1225 2826 nunnromrus.

331 2965 546 3053 Reprehendit
568 2970 769 3051 nuperrimus
791 2966 926 3034 Homeri
948 2968 1058 3033 ilditor
1080 2968 1129 3034 La
1152 2969 1265 3034 Rosea
1290 2972 1323 3034 in
1346 2968 1472 3035 Praesa-

286 3077 372 3140 tione
395 3093 462 3148 eos,
489 3076 544 3158 qui
570 3075 722 3150 „verubus
745 3097 830 3159 qoam
848 3075 990 3158 plurimis
1011 3075 1160 3138 damnatis
1181 3096 1278 3138 omnes
1303 3075 1472 3159 discrepan-

285 3186 344 3245 tiae
375 3180 409 3242 itt
437 3179 486 3242 tis
515 3180 695 3242 carminibus
717 3186 845 3244 amoueri
860 3203 947 3265 posse
967 3182 1027 3245 siti
1043 3203 1220 3264 persuasum
1242 3181 1381 3258 hbeat?
1403 3200 1473 3246 nar·

285 3295 396 3371 ratque
426 3305 492 3350 esse
522 3287 578 3370 qui
607 3284 684 3350 haec
715 3289 858 3351 carmina
886 3289 934 3351 ita
956 3297 1108 3372 quaerant
1130 3289 1321 3352 constituere
1347 3289 1473 3372 „quatio

276 3392 384 3476 faisse
406 3398 475 3454 unte
498 3391 613 3455 &bonis
633 3391 681 3454 cel
703 3391 982 3478 bpcbrpitcmmru
1001 3393 1060 3457 sibi
1074 3391 1225 3477 finpcnt.”
1271 3391 1329 3457 list
1349 3392 1472 3479 aliquid

286 3500 370 3564 inter
393 3496 541 3564 Solonem
566 3503 597 3562 et
621 3495 825 3584 Lycurgum,
850 3519 944 3583 quem
968 3501 1036 3565 ioco
1058 3501 1237 3564 nominasse
1260 3499 1472 3584 videturque

287 3605 329 3668 sit
351 3623 401 3667 res
425 3602 561 3668 absurda
583 3604 681 3667 etiam
705 3602 867 3688 aliquanto
889 3604 1063 3670 absurdior.
1099 3604 1255 3690 Equidem
1279 3607 1313 3669 in
1333 3607 1472 3690 antiquis

287 3707 483 3774 carminibus
501 3707 631 3786 Ionicis,
650 3729 731 3794 qnae
749 3708 884 3775 Homeri
906 3729 1020 3776 nomen
1039 3718 1171 3798 gerunt,
1191 3709 1295 3776 multa
1313 3714 1379 3777 iam
1400 3718 1472 3776 ante

287 3812 411 3878 Solonis
434 3818 569 3878 aetatem
595 3821 627 3879 et
645 3815 792 3882 mendose
811 3818 929 3900 scripta
947 3821 979 3880 et
999 3815 1189 3902 interpolata
1207 3816 1304 3882 inisse
1322 3817 1471 3901 arbitror,

287 3939 421 4005 quorum
452 3919 616 4004 complura
645 3920 684 3986 ab
713 3920 935 3986 Alexandrinis
963 3927 995 3986 ct
1016 3921 1199 3986 Aristarcho
1223 3927 1360 3986 correcta
1382 3925 1471 4000 sunt,

287 4032 337 4092 eat
365 4023 472 4090 multa
501 4045 521 4092 a
550 4024 695 4090 Bentleio
718 4033 750 4092 et
772 4026 861 4102 aliis,
886 4034 918 4092 ct
940 4047 1102 4111 superesse
1124 4030 1307 4092 etiamnunc
1329 4027 1473 4092 nonnihil

286 4134 320 4196 in
340 4150 402 4216 quo
422 4137 545 4196 nostrae
566 4133 679 4197 aetatis
698 4131 854 4197 industria
875 4140 908 4197 et
927 4153 1059 4198 acumen
1078 4153 1226 4218 apparere
1243 4135 1353 4218 possit.
1385 4133 1474 4198 Fecit

288 4237 398 4302 doctus
417 4235 529 4302 llditor
548 4257 659 4322 operae
680 4240 818 4322 pretium
839 4237 1038 4323 multamque
1058 4239 1228 4323 perutilem
1240 4237 1472 4324 supellectilem

288 4341 428 4427 undique
458 4349 641 4430 congestam
671 4351 703 4408 et
727 4343 835 4408 ordine
859 4343 1016 4432 digestam
1040 4346 1130 4409 nobis
1153 4349 1293 4430 paravit,
1318 4348 1473 4411 eximium

210 4489 212 4492 -
287 4445 422 4516 Homeri
445 4455 477 4514 et
495 4448 723 4535 interpretandi
743 4455 775 4515 et
793 4449 982 4517 emendandi
1000 4450 1178 4517 subsidium
1197 4456 1231 4517 et
1241 4450 1473 4518 adiumentum.
