3308 5090
728 346 791 418 135

152 549 278 618 πολλῆς
310 541 363 607 καί
394 544 584 610 ’ΛΝΕΔΗΝ
616 541 798 624 έλενίερίας.
843 539 945 607 Sensu
970 561 1110 608 vacuum
1134 545 1182 608 ost
1205 543 1222 618 ἡ
1246 531 1354 618 ἄνέᾶκν

153 649 332 729 ἐλευθερία,
364 647 419 714 sed
451 653 526 714 nete
548 651 597 713 est
619 647 696 713 heee
718 647 814 716 leetio
838 669 877 713 ex
900 646 1069 712 Editorum
1094 667 1207 714 errore.
1254 647 1291 714 In
1314 648 1353 716 li·

151 755 225 822 bris
244 761 294 822 eet
316 753 412 832 ἄδην,
444 753 528 840 quod
556 755 624 819 eine
653 774 744 820 more
766 754 993 840 reponendum.
1039 751 1153 822 Strabo
1177 755 1264 820 enim
1287 775 1353 822 see-

152 865 231 947 pius
252 861 428 928 Homerico
459 859 534 935 ἄδην
567 863 671 924 utitur
699 881 756 946 pro
787 859 890 940 ἄγαν,
923 864 956 926 et
978 879 1075 945 quem
1097 859 1191 927 Pleto
1214 859 1354 946 appellet

151 975 232 1034 noto
255 967 326 1034 loeo
350 972 386 1032 de
408 967 484 1050 Itep.
505 986 578 1053 pag.
600 964 675 1030 564.
689 984 720 1033 ι.
738 969 792 1042 τὴν
807 970 938 1032 ἌΓΑΝ
958 967 1127 1044 ἐλευθερίαν
1149 988 1219 1033 eem
1240 965 1355 1034 Strabo

152 1095 215 1140 suo
237 1093 328 1140 moro
351 1077 405 1146 τὴν
426 1077 564 1140 ’‘AAHN
588 1073 759 1153 ἐλευθερίαν
779 1071 961 1159 appellavit.
1010 1068 1058 1138 Of.
1083 1093 1156 1161 pag.
1172 1071 1248 1140 575.
1271 1072 1353 1146 νίσος

153 1181 350 1246 ἐπιπεσοῦσα
378 1180 412 1244 έκ
436 1189 490 1255 τῆς
514 1178 591 1254 ἄδην
614 1187 803 1258 πλησμονῆς.
827 1185 860 1245 et
879 1199 953 1267 pag.
967 1177 1031 1247 687
1059 1179 1109 1244 διᾶ
1128 1179 1199 1254 τοὺς
1222 1177 1353 1261 ίμβρους

152 1286 228 1360 τοὺς
253 1284 329 1362 ἄδην
346 1293 471 1371 propter
493 1285 599 1352 ἄιοᾶτοο
621 1285 738 1352 notior.

202 1501 332 1564 Semo
363 1519 437 1586 pag.
462 1496 537 1564 288.
574 1498 730 1575 Ἀλβανοί
757 1523 793 1564 τε
823 1498 876 1564 καί
897 1499 1021 1580 Ἴβηρες
1045 1498 1213 1580 παρουσίας
1236 1497 1353 1564 δέονται

152 1605 247 1684 μόνον
272 1607 333 1670 τῶν
365 1601 561 1684 ἡγησομένων
591 1611 693 1677 καλῶς
724 1628 760 1670 τε
784 1608 986 1684 κρατοῦνται,
1012 1603 1215 1687 νεωτερίζουσι
1246 1605 1278 1672 δέ
1303 1606 1354 1670 διὰ

151 1712 215 1784 τᾶς
240 1719 299 1777 τῶν
324 1711 482 1790 Ῥωμαίων
505 1713 742 1790 ἈΠασχολίας.
789 1709 879 1777 Haeo
901 1710 1065 1778 Meinekio
1088 1714 1250 1778 nonsatis
1273 1712 1352 1778 bene

153 1821 241 1886 eoire
263 1819 424 1886 videntur.
471 1816 527 1884 Me
550 1817 680 1902 quidem
700 1820 734 1882 in
756 1817 807 1882 his
829 1817 912 1882 nihil
933 1817 1071 1884 otendit.
1107 1818 1140 1882 oi
1163 1819 1272 1883 αοιιιιιί
1291 1819 1352 1883 ee

153 1925 240 1988 meni
264 1927 395 2010 (inquit)
422 1923 597 2010 aequissimo
627 1925 725 1988 eeimo
755 1924 899 2007 ν’νιιροτοίο
919 1923 1050 2009 faciunt
1073 1930 1102 1988 et
1124 1923 1278 2007 imperium
1301 1947 1353 2008 ριν·

153 2031 286 2096 ίίνιιίυν.
335 2031 393 2094 Sed
422 2031 569 2094 rebellant
592 2031 735 2094 Romanis
757 2031 790 2093 νἰι
818 2030 907 2094 atiud
929 2031 1036 2094 tellum
1058 2029 1221 2114 implicite.
1267 2028 1353 2096 Satis

155 2145 204 2202 eet
236 2137 316 2202 duee
346 2135 455 2202 literae
486 2158 667 2225 expungere
699 2141 732 2202 et
762 2137 897 2204 seribere
928 2137 979 2202 διᾶ
1009 2135 1068 2210 τᾶς
1105 2143 1163 2202 τῶν
1194 2136 1351 2214 Ῥωμαίων

154 2242 348 2325 ’Δοχολίας.

201 2455 331 2522 Simo
354 2475 428 2542 pag.
453 2453 530 2520 289.
560 2456 601 2521 do
630 2453 712 2520 Istro
735 2455 863 2520 scribit:
887 2460 1022 2538 τελευτᾷ
1046 2452 1071 2518 δ’
1095 2455 1139 2526 εἷς
1162 2453 1213 2518 τίν
1238 2451 1352 2520 Πίντον

154 2564 188 2628 οὐ
213 2562 295 2627 πολὺ
318 2559 430 2626 ἄποθεν
454 2568 511 2628 τῶν
536 2566 589 2626 τοῦ
612 2559 701 2640 Τύρα
724 2561 776 2626 καί
801 2565 854 2624 τοῦ
879 2563 1070 2640 Βορυσθένους
1091 2560 1225 2638 ἐκβολῶν
1249 2559 1353 2626 ε’κκλί·

155 2693 209 2732 νων
234 2678 327 2734 ssssc
353 2669 425 2746 πρὸς
449 2667 588 2748 ἄρκτους.
633 2667 697 2732 Ρτο
721 2691 784 2738 πως
808 2667 957 2732 Meineko
981 2667 1069 2731 Virrd.
1090 2667 1224 2732 Straton.
1249 2688 1281 2752 p.
1294 2665 1349 2732 82.

154 2780 229 2838 ‘sse
258 2776 440 2858 reponebat.
486 2773 594 2839 Multo
625 2777 722 2840 etiam
745 2772 850 2838 lenius
879 2775 1037 2860 corriges:
1069 2774 1210 2839 irretirer
1238 2782 1282 2838 TI
1311 2777 1350 2846 ὡς

154 2883 228 2958 πρὸς
252 2879 393 2959 ἄρκτους.
439 2879 548 2946 Simili
570 2880 665 2946 modo
687 2880 888 2944 scribendum
913 2901 984 2967 pag.
1012 2877 1088 2944 281.
1113 2881 1283 2957 ε’κκείρενοο
1305 2881 1347 2952 εἷς

154 2979 192 3050 τί
215 2989 356 3063 πέλανος
380 2989 464 3052 κατᾶ
483 2990 543 3058 τᾶς
563 2987 740 3068 χειμερινᾶς
762 2985 939 3063 ἄνατολᾶς,
964 2986 1133 3070 ἐπιτρέφων
1158 2987 1188 3051 δέ
1208 2995 1253 3052 TI
1277 2987 1350 3051 ὨΟ

155 3094 206 3158 ἐπί
232 3093 266 3158 τί
292 3094 451 3172 Λακίνιον,
475 3114 532 3180 pro
556 3092 725 3176 ἐπιτρέφων
751 3092 782 3158 δέ
806 3101 910 3157 [1Ωο.

201 3305 282 3394 Pag.
306 3304 383 3370 290.
415 3303 568 3372 Germani
592 3302 696 3371 Gallis
727 3309 801 3370 sunt
824 3306 1035 3386 παραπλήσιοι
1059 3305 1111 3370 καί
1135 3313 1271 3388 μορφαῖς
1297 3309 1350 3375 καί

155 3412 238 3487 ἥίεσι
263 3413 316 3476 καί
340 3414 493 3490 βίοις-,
519 3412 561 3475 re
587 3421 735 3476 ΔΙΚΑΙΑ
761 3435 810 3486 μοι
837 3413 951 3476 δοκοῦσι
974 3415 1118 3488 Ῥωμαῖοι
1136 3418 1225 3478 τοῦτο
1244 3415 1348 3488 αὐτοῖς

156 3519 257 3582 ίέσίαι
290 3518 438 3590 τοῦνομα.
487 3517 646 3582 Vitiosum
679 3522 726 3581 est
757 3517 862 3580 δίκαια
871 3537 879 3593 ;
911 3537 1012 3602 neque
1042 3520 1127 3582 enim
1160 3519 1264 3584 δίκαια
1293 3543 1350 3606 pro

156 3624 278 3696 δικαίως
304 3624 368 3690 diei
396 3630 517 3709 potest,
548 3643 650 3708 neque
674 3623 796 3693 δικαίως
827 3627 1001 3688 sententiae
1025 3631 1137 3708 aptum
1165 3633 1222 3692 eet.
1248 3625 1348 3693 Serib.

156 3731 199 3796 διὸ
225 3739 284 3794 ΔΗ
308 3739 380 3796 ΚΑΙ
403 3755 454 3808 μοι
478 3731 593 3799 δοκοῦσι
617 3728 682 3794 κτέ.
706 3737 891 3814 quapropter.
940 3728 1054 3796 Strabo
1073 3731 1133 3796 hoo
1156 3754 1250 3798 sensu
1270 3735 1351 3801 solet

157 3833 261 3902 dicere
284 3836 329 3900 te
360 3837 395 3909 ti
420 3837 474 3900 καί
504 3842 536 3901 et
567 3831 643 3916 ᾖδὴ
667 3835 721 3901 καί
752 3841 785 3900 et
815 3833 877 3902 ὅθεν
903 3837 938 3909 δὴ
963 3837 1034 3910 καί,
1064 3845 1096 3904 et
1119 3841 1191 3904 eim.
1220 3845 1255 3904 ut
1276 3861 1349 3928 peg.

159 3941 234 4009 799.
260 3938 279 4022 ᾖ
301 3944 337 4018 δὴ
364 3945 415 4006 καί
441 3947 483 4022 τῷ
508 3941 582 4023 ζὺίρ
606 3949 750 4020 χρῶνται.
800 3940 899 4027 Saepe
924 3962 980 4027 pro
1005 3938 1023 4023 ᾗ
1045 3943 1081 4017 δή
1105 3946 1138 4006 in
1161 3943 1253 4009 libris
1275 3948 1349 4011 scri·

157 4049 245 4116 bitur
264 4049 339 4125 ἤδη,
365 4048 448 4133 quod
468 4048 588 4112 vitium
608 4041 723 4114 Coreto
743 4051 775 4111 et
790 4045 965 4113 Kremerue
977 4046 1175 4113 sustulerunt
1185 4069 1258 4137 pag.
1274 4049 1350 4135 153,

159 4151 243 4234 320,
267 4152 333 4222 662
358 4159 390 4220 et
418 4151 494 4220 695.

203 4367 332 4444 fimo
362 4388 437 4455 pag.
462 4365 540 4432 292.
571 4366 637 4446 περί
671 4368 702 4432 δὲ
734 4367 877 4448 Κίμβρων
910 4366 953 4431 τᾶ
984 4365 1040 4444 μέν
1064 4366 1117 4430 οὐκ
1142 4361 1175 4431 εὖ
1197 4367 1349 4448 λέγεται,

160 4475 201 4540 τᾶ
226 4475 253 4540 δ’
278 4473 346 4556 ἔχει
371 4472 580 4547 Πιίαυᾶτκτας
601 4475 634 4538 οὔ
658 4474 797 4553 μετρίως.
845 4471 978 4540 Certum
1002 4475 1113 4537 estex
1135 4475 1175 4538 iie
1199 4494 1278 4558 quae
1304 4495 1349 4539 se·
