3304 5090
654 1375 735 1466 AD
779 1374 1172 1466 STRABONEM.

841 2047 909 2096 cnr.
934 2030 992 2096 ΠΙ.

741 2253 905 2304 amaneus
928 2255 1096 2315 aanonun,

472 2361 526 2419 aua
548 2361 583 2408 m
606 2359 771 2409 commate
794 2361 927 2410 caraem
951 2361 1058 2409 vunao
1082 2361 1368 2410 maeuimsaunma

545 2467 676 2516 necnon
698 2467 782 2514 mun
807 2467 998 2516 sraaaonuu
1021 2467 1174 2515 consuent
1197 2467 1289 2514 suar.

370 2659 550 2727 Srsaaoma
579 2659 655 2725 libri
676 2667 750 2724 tam
782 2659 893 2743 scripti
922 2680 1018 2744 quam
1054 2659 1133 2724 editi
1168 2659 1291 2724 mendis
1325 2661 1517 2744 quibusdam

324 2767 577 2854 orthographicis
608 2765 711 2831 veluti
738 2764 872 2829 maculis
894 2768 955 2830 toti
979 2768 1136 2850 conspersi
1161 2773 1243 2829 stmt.
1292 2763 1439 2832 Editoree
1462 2787 1516 2832 ve·

323 2879 405 2938 teres
432 2873 512 2936 hanc
544 2871 639 2936 officii
661 2873 711 2936 sui
733 2879 857 2956 partem
881 2890 943 2935 non
966 2891 1083 2958 magno
1107 2891 1199 2956 opere
1224 2871 1377 2936 curabant
1400 2877 1434 2936 et
1458 2872 1518 2937 hoc

323 2999 426 3044 unum
460 2979 597 3065 agebant
630 2985 668 3042 ut
701 2975 864 3042 Strabonis
899 2981 1090 3042 sententiam
1125 2985 1157 3042 et
1192 2983 1333 3042 mentem
1369 2997 1519 3062 perversa

325 3086 482 3168 scriptura
512 3083 707 3149 laborantem
739 3090 771 3147 et
803 3083 1003 3148 obscuratam
1035 3083 1218 3168 expedirent
1241 3099 1274 3147 et
1296 3085 1329 3146 in
1352 3086 1519 3172 integrum

324 3193 539 3256 restituerent.
575 3189 641 3254 Nec
661 3188 800 3253 multum
824 3189 857 3252 in
880 3209 917 3253 ea
938 3179 973 3252 're
997 3195 1130 3275 egerunt
1152 3188 1220 3270 illi,
1245 3191 1300 3273 qui
1323 3196 1430 3254 nostra
1452 3211 1520 3255 me·

325 3298 428 3362 moria
458 3298 493 3358 in
517 3315 608 3380 opere
632 3293 841 3360 Straboniano
864 3294 1060 3359 emendando
1084 3293 1292 3360 utilissimam
1317 3301 1349 3359 et
1372 3296 1517 3361 felicissi-

324 3422 413 3468 mam
447 3422 573 3487 operam
607 3409 789 3486 posnerunt.
836 3399 901 3466 Ubi
935 3400 973 3464 de
1009 3402 1165 3466 sententia
1196 3403 1273 3466 satis
1305 3408 1427 3467 constat
1452 3423 1517 3468 non

323 3509 467 3574 multum
491 3514 565 3572 sunt
588 3506 717 3572 solliciti
741 3506 779 3572 de
799 3509 925 3572 vitiosis
947 3506 1115 3570 verborum
1135 3506 1264 3584 formis,
1287 3527 1365 3592 quas
1385 3509 1517 3593 quidem

324 3618 359 3680 in
389 3614 481 3680 libris
511 3613 590 3679 Mss.
623 3615 851 3698 cuiuscumque
874 3615 988 3677 aetatis
1012 3621 1043 3676 et
1067 3615 1162 3697 pretii
1187 3615 1305 3698 passim
1328 3617 1374 3678 ita
1397 3617 1518 3680 mixtas

326 3727 359 3787 et
382 3721 526 3787 confusas
549 3720 810 3805 perturbatasque
834 3727 967 3784 cernunt
989 3725 1027 3782 ut
1050 3717 1140 3782 nulla
1159 3739 1229 3803 spes
1249 3739 1410 3804 superesse
1429 3721 1518 3785 vide·

325 3833 399 3893 atur
421 3827 590 3911 aliquando
614 3827 679 3892 fore
702 3833 739 3890 ut
759 3826 866 3911 aliqua
889 3825 978 3902 τάξις
1004 3826 1037 3889 ἐκ
1057 3827 1175 3899 ταύτης
1196 3833 1251 3898 τῆς
1272 3824 1407 3902 ἀταξίαις
1426 3827 1518 3890 resti-

325 3938 445 3997 tuatur.
492 3931 686 3996 Faciendum
719 3937 826 3996 tamen
857 3931 1036 4017 periculum
1072 3939 1136 4008 est,
1173 3934 1214 3996 iis
1244 3935 1429 4018 praesertim
1461 3933 1518 4016 qui

325 4039 418 4120 longo
449 4058 509 4102 usu
541 4037 644 4102 edocti
673 4040 779 4102 sciunt
808 4040 974 4123 scriptores
1007 4036 1143 4106 Graecos
1175 4038 1305 4122 perinde
1334 4059 1370 4103 ac
1394 4044 1518 4103 nostros

326 4144 472 4228 aequales
504 4165 543 4208 ex
570 4145 641 4228 ipsa
670 4146 716 4208 rei
746 4149 860 4208 natura
888 4147 922 4208 in
953 4143 1004 4208 his
1035 4164 1158 4229 quoque
1189 4144 1231 4207 rai
1259 4145 1344 4209 αὐτὰ
1367 4144 1432 4223 περὶ
1457 4150 1516 4208 τῶν

327 4251 428 4314 αὐτῶν
451 4249 556 4327 λέγειν
584 4251 681 4314 fuisse
705 4249 824 4315 solitos.

373 4355 463 4435 Quod
496 4359 522 4419 si
550 4357 588 4420 de
612 4358 743 4421 caeteris
766 4357 899 4422 eruditis
922 4359 956 4421 in
980 4359 1225 4423 controversiam
1248 4360 1355 4422 vocari
1377 4377 1440 4422 non
1463 4375 1518 4442 po

325 4466 405 4538 test,
439 4467 556 4545 quanto
584 4463 697 4526 certior
729 4462 767 4528 de
797 4461 951 4529 Strabone
980 4465 1042 4529 erit
1065 4461 1142 4530 haec
1165 4463 1378 4540 existimatio,
1403 4465 1460 4546 qui
1482 4465 1518 4527 in
