3304 5090
697 335 763 406 207

146 547 175 592 re
196 527 297 592 critica
319 530 351 592 at
369 529 582 614 grammatica
601 533 687 596 totus
707 550 774 598 esse
794 532 889 608 solet,
911 534 966 618 qni
985 531 1111 599 nnllam
1127 531 1322 598 occasionem

146 635 255 698 omittit
284 633 409 698 dicendi
442 633 480 700 de
510 635 690 702 conditione
716 637 873 704 ‘librorum
902 641 1068 723 veterum,
1100 638 1139 704 de
1166 637 1323 704 scribendi

147 739 288 804 erroribus
318 748 350 804 et
373 739 576 806 librariorum
600 743 758 828 socordia,
783 745 821 810 de
840 747 980 832 genuina
1003 745 1174 810 verborum
1198 743 1319 820 forma,

146 847 178 912 de
206 846 399 933 syllabarum
428 851 625 934 quantitate,
656 851 694 914 de
723 851 921 924 accentibus:
946 853 1002 935 qni
1024 869 1265 934 nonnumquam
1288 851 1322 914 in

145 953 188 1018 his
216 953 372 1020 deseendit
402 953 442 1018 ad
472 956 627 1020 minutias
650 965 717 1022 tam
741 957 839 1023 exiles
862 969 899 1021 ut
923 953 1115 1024 Oriticorum
1137 959 1248 1022 insnes
1269 976 1322 1041 pe-

144 1062 246 1145 pererit
268 1061 460 1144 suspiciones
482 1063 610 1126 minuta
632 1062 787 1147 quaedam
810 1070 849 1128 ut
872 1060 1026 1130 Strabone
1048 1061 1182 1149 indigna
1204 1081 1321 1148 expun-

144 1167 286 1252 gentium.

182 1271 341 1337 Praeterea
372 1272 580 1359 cogitandum
612 1277 659 1338 est
683 1272 829 1360 linguam
853 1271 1009 1340 Graecam
1032 1276 1132 1340 etiam
1154 1276 1188 1338 in
1211 1273 1322 1340 formis

145 1379 299 1443 verborum
332 1379 427 1444 certis
451 1379 641 1463 quibusdam
666 1380 792 1466 legibus
815 1383 934 1454 teneri,
958 1400 1036 1465 quas
1058 1379 1179 1447 indocti
1202 1380 1322 1446 scribae

144 1487 257 1572 ignotas
293 1486 356 1550 sibi
394 1488 568 1550 sexcenties
609 1488 741 1571 impune
773 1486 947 1553 violabant.
994 1483 1073 1566 Quis
1104 1505 1232 1564 sorum,
1266 1489 1322 1571 qui

144 1587 267 1656 Graecos
308 1587 440 1657 Codices
483 1592 717 1676 describebant,
757 1593 876 1658 sciebat
910 1591 1049 1672 κιιθοίριος
1084 1613 1151 1659 esse
1185 1593 1322 1658 formam

143 1695 226 1760 nihili
256 1717 357 1783 neque
388 1697 482 1764 aliter
504 1719 600 1784 quam
624 1698 795 1780 κοίοίρΕΙος
820 1703 943 1766 veteres
966 1719 1076 1764 omnes
1099 1720 1228 1766 summa
1251 1718 1322 1764 eon-

142 1805 247 1868 stantia
281 1801 419 1870 dixisse?
466 1803 544 1885 Quis
575 1824 683 1870 eornm
713 1815 844 1870 noverat
874 1807 1004 1870 nomina
1035 1807 1161 1892 propria
1191 1807 1226 1869 in
1250 1813 1322 1870 -lc

142 1913 277 1976 exeuntia
307 1910 425 1978 formas
455 1909 577 1976 Ionicus
607 1917 758 1996 perpetuo
789 1913 941 1976 retinere:
976 1915 1087 1988 σκῆψις
1121 1913 1137 1984 ή
1166 1910 1321 1990 τρίφοσις

141 2016 226 2080 habet
251 2019 392 2094 σκήψεως
418 2022 450 2083 et
472 2018 604 2094 σκήψει,
630 2017 685 2082 sed
707 2022 829 2095 Σκήψις
854 2019 870 2092 ή
896 2017 984 2087 πόλις
1011 2017 1147 2095 Σκήψιος
1171 2015 1267 2080 habet
1290 2020 1323 2080 et

140 2121 243 2202 Σκήψι.
282 2123 421 2188 Librarii
443 2125 579 2189 miscent
602 2124 822 2191 haecomnia:
845 2132 952 2194 Βοιῖτις
972 2121 1206 2207 utplurimum
1226 2120 1323 2186 habet

138 2233 249 2301 Βκίτιος
280 2234 314 2295 et
337 2232 445 2307 Βοίτι,
469 2250 708 2316 nonnumquam
732 2237 883 2316 apparent
908 2229 1028 2296 formas
1052 2228 1211 2316 vulgares.
1256 2225 1322 2292 Ha·

138 2357 202 2400 rum
233 2339 336 2424 igitur
368 2336 510 2401 sordium
541 2342 666 2422 partem
699 2335 822 2414 cluam,
854 2335 977 2421 reliqua
1006 2335 1141 2402 aliorum
1174 2353 1267 2399 curae
1291 2339 1324 2400 et

138 2441 317 2532 diligentiae
342 2441 533 2529 relinquens.

482 2667 603 2734 doc,
631 2667 677 2722 -1
700 2677 757 2743 pro
782 2681 888 2732 -εοις,
917 2680 988 2721 -ει,

174 2839 312 2904 Nomina
344 2841 472 2924 propria
498 2841 533 2904 in
558 2849 630 2904 -lc
655 2842 723 2905 sive
742 2839 911 2904 bominum
934 2843 1009 2902 sunt
1032 2839 1100 2904 aive
1123 2835 1265 2902 locorum
1288 2837 1324 2900 in

133 2947 273 3031 genitivo
297 2949 330 3010 et
354 2944 462 3009 dativo
486 2946 655 3010 servabant
679 2951 801 3012 veteres
825 2946 943 3010 formas
965 2943 1086 3008 Ionieas
1108 2945 1142 3006 in
1167 2951 1270 3006 -10c
1291 2947 1324 3008 et

134 3060 176 3114 -Ι
196 3058 357 3116 exeuntes.
398 3049 524 3115 Horum
543 3072 616 3136 pars
639 3050 751 3116 illaesa
774 3054 893 3125 evasit,
919 3056 1041 3114 caetera
1064 3049 1183 3114 scribae
1206 3050 1241 3112 in
1263 3047 1325 3114 for·

131 3177 214 3222 mam
238 3176 442 3222 communem
466 3164 701 3222 converterunt.
730 3155 861 3244 Integra
884 3165 974 3222 sunt:

184 3263 301 3336 Αίσιος,
326 3283 401 3349 pag.
425 3261 501 3326 241.
784 3265 893 3342 Κίρψι,
919 3259 994 3326 418.

170 3370 317 3448 νΛίβιος,
341 3366 418 3434 290.
784 3369 1000 3446 Πασιτίγριος,
1028 3366 1102 3434 729.

183 3478 322 3552 Βαίτιος,
350 3472 427 3540 140.
784 3473 973 3552 Σκιτοίβιος,
1001 3472 1077 3540 160.

183 3591 269 3648 Baias
295 3584 366 3670 (sic)
390 3603 445 3667 pro
469 3584 575 3655 Βοίτι,
602 3579 678 3646 152.
784 3581 868 3646 Σοίτι
903 3576 1012 3668 (codd.
1045 3579 1117 3660 πρὸς
1141 3587 1183 3647 τῶ
1207 3581 1323 3667 ίσοιοιι),

183 3689 315 3766 Δοίτιος,
342 3686 420 3754 399.
828 3685 904 3752 217.

183 3796 333 3872 Δσιίβιος,
362 3793 437 3858 192.
783 3793 967 3872 Σεσοίςριος,
994 3790 1069 3858 769.

182 3900 377 3981 Ζοιμίλξιος,
403 3898 480 3965 290.
781 3899 933 3977 Τίγριος,
959 3896 1037 3964 140.

182 4007 372 4088 Ζοιριοίδριος,
399 4005 474 4072 531.
781 4004 925 4083 Τίγριος,
952 4002 1026 4070 527.

175 4113 349 4196 Ἱστοίλιος,
376 4111 448 4178 142.
770 4110 934 4186 Ὑπάνιος,
963 4106 1039 4175 107.

181 4223 360 4298 narsaeus
393 4221 464 4304 (sie)
490 4240 547 4305 pro
566 4228 677 4283 ltcas-
782 4218 939 4298 Ψίιιχιος,
964 4213 1041 4281 820.

222 4327 326 4406 octar.
355 4324 429 4390 162.
830 4321 984 4389 Mendosa
1007 4327 1098 4386 sunt:

184 4432 381 4511 Κιοριίριβιος,
410 4431 485 4496 125.
771 4430 968 4507 Ἀροοίςρεοις,
997 4425 1072 4490 540.
