3304 5090
312 513 480 594 Plutarchi
502 532 632 597 Ακίοινίυ
655 531 783 599 affertur
804 551 878 618 pag.
904 527 981 595 920.
1004 546 1036 594 1ο.
1055 524 1113 597 cies
1134 523 1337 606 Κλεοπάτραν
1351 513 1512 589 trimes-
1641 565 1642 588 ι

313 648 370 699 λια
393 637 535 720 Φουλβία
558 643 612 711 τῆς
634 637 796 703 Ἀντωνίου
815 634 1080 714 γυναικοκραῦίαο
1100 635 1235 713 ὀφείλειν
1256 629 1338 696 ποίου
1362 632 1510 710 χειροήθη
1641 645 1642 674 ³

314 739 367 805 καί
388 742 712 820 πεπαιδαγωγημένον
728 745 785 807 ἆτ’
802 744 903 824 ἀρχῆς
927 741 1152 816 ἀκροᾶσθαι
1177 742 1380 817 γυναικῶν
1403 759 1512 815 παρα·
1641 767 1642 824 j

314 846 461 925 λαβοῦσα
491 849 594 913 αὐτόν.
643 847 806 914 Sententia
836 853 883 912 est
904 845 976 912 lnce
999 845 1129 911 clarior:
1154 844 1270 910 Fulvia
1293 842 1416 908 dudum
1440 843 1513 907 An·
1641 837 1642 888 f

313 953 439 1017 touium
483 953 633 1020 docuerat
673 953 1000 1033 γυναικοκρατείσίαι,
1044 951 1078 1016 id
1117 957 1166 1016 est
1202 949 1340 1013 muliebri
1381 947 1511 1032 imperio

308 1080 417 1142 parere
445 1064 477 1126 st
500 1059 589 1124 ναυσί
611 1081 671 1125 esse
693 1059 857 1124 υόιιοαίιιιιο.
891 1058 1003 1142 Itaque
1028 1057 1106 1122 haec
1129 1075 1253 1142 quoque
1274 1060 1343 1121 erat
1361 1077 1512 1134 γυναικο-
1641 1125 1642 1154 1

314 1163 427 1243 κρατία
457 1164 590 1248 φανεροί.
637 1163 692 1232 Sic
723 1165 809 1251 spud
839 1163 1044 1230 Aristotelem
1072 1164 1106 1227 in
1127 1162 1221 1228 Polis.
1244 1160 1285 1226 11.
1310 1159 1342 1226 9.
1367 1161 1509 1226 dicitnr:

315 1265 355 1333 ἂν
377 1269 561 1352 τυγχάνωσι
582 1270 908 1352 γυναικοκρατούμενοι
929 1271 1068 1349 καθάπερ
1088 1267 1131 1334 τοὶ
1151 1267 1256 1333 πολλοὶ
1276 1273 1512 1347 πῶνςρατιυσι·

315 1380 373 1440 κῶν
405 1377 457 1440 καί
489 1383 662 1454 πολεμικῶν
692 1384 786 1456 γενῶν
819 1375 875 1452 ἔξω
900 1383 1036 1441 Κελτῶν.
1082 1373 1136 1441 Sic
1158 1374 1318 1440 Lacaenae
1341 1374 1510 1458 imprimis

314 1480 458 1547 solebant
476 1487 510 1547 et
529 1482 716 1549 dicebantur
734 1489 792 1548 τῶν
812 1484 921 1562 ἀνδρῶν
941 1481 1064 1563 ἄρχειν,
1084 1485 1118 1546 et
1135 1487 1249 1546 notum
1267 1485 1315 1545 est
1328 1479 1509 1545 Lacaenam

314 1585 355 1652 ad
386 1584 546 1673 hospitam
577 1609 657 1674 quae
682 1589 824 1655 dixerat:
849 1588 940 1667 μίναι
965 1589 1051 1666 ὑμεῖς
1074 1589 1108 1653 αί
1132 1587 1289 1653 Λοίκαιναι
1310 1593 1369 1650 τῶν
1393 1586 1508 1662 ἀνδρῶν

314 1687 453 1772 ἄρχετε,
485 1693 698 1779 respondisse:
730 1695 821 1773 μίυαι
852 1695 916 1776 γὰρ
943 1696 1088 1773 τίκτομεν
1115 1691 1236 1773 ἄνδρας.
1284 1692 1396 1778 Itaque
1421 1689 1509 1776 apud

314 1792 502 1863 Strabonem
524 1820 599 1888 pag.
624 1798 702 1867 251.
725 1819 755 1867 Β.
780 1799 849 1882 ἔχει
872 1799 935 1882 γιίρ
958 1823 1027 1867 τινα
1051 1798 1331 1880 γυναικοκραΕίαν·
1361 1802 1453 1862 τοῦτο
1476 1795 1507 1861 δ’

315 1902 349 1966 οὐ
380 1901 462 1969 ποίου
494 1906 668 1991 πολιτικόν,
700 1910 776 1992 quia
804 1928 867 1973 non
897 1907 936 1972 de
965 1911 1107 1974 virorum
1138 1905 1370 1972 mulierositate
1401 1923 1508 1970 sermo

316 2013 381 2092 est,
412 2009 468 2076 sed
498 2010 536 2076 de
565 2013 736 2097 impotenti
767 2019 986 2078 matronarum
1015 2013 1150 2098 imperio
1183 2010 1277 2077 facile
1309 2009 1509 2096 intelligitur

315 2117 587 2197 γυναικοκραΤίαν
617 2121 710 2184 unice
733 2139 800 2184 esse
825 2139 949 2186 rernm.
995 2116 1163 2185 Senserunt
1183 2117 1244 2184 hoe
1266 2115 1407 2182 Romani
1430 2135 1506 2202 quo·

316 2241 394 2307 qus,
419 2222 503 2308 apud
526 2243 604 2309 qnos
627 2220 707 2290 Oato
729 2227 831 2290 maior
850 2222 970 2298 Consul
994 2224 1141 2304 (suadens
1164 2244 1203 2289 ne
1222 2222 1275 2288 lex
1294 2221 1397 2308 Oppia
1417 2223 1507 2287 abro-

315 2332 447 2416 garetur
468 2328 540 2395 niv.
565 2328 714 2396 XXXIV.
739 2329 774 2412 2)
798 2330 1011 2411 sodomitaria
1035 2327 1283 2409 ἐπιπολάζουσαν
1302 2351 1506 2407 γυναικοκρα-

316 2433 398 2500 Τίαν
428 2435 475 2500 its
505 2434 604 2500 dixit:
642 2439 732 2512 ἡμεῖς
768 2437 891 2509 ποίντιιν
925 2438 1083 2518 οίνίρῶπυν
1114 2435 1269 2516 ἄρχομεν,
1302 2437 1386 2514 ἡμῶν
1415 2435 1447 2500 δὲ
1472 2433 1506 2500 αί

315 2547 481 2618 γυναῖκες·
504 2542 590 2627 apud
611 2540 822 2608 Plutarchum
845 2545 879 2607 in
902 2545 971 2609 rita
996 2543 1118 2608 Catonis
1141 2563 1208 2627 cap.
1232 2539 1264 2607 8.

360 2646 471 2732 Itaque
496 2648 739 2726 γυναικοκρατία
762 2669 801 2714 ex
824 2647 985 2728 κερῶννυμι
1010 2649 1183 2714 formatum
1207 2654 1239 2712 et
1261 2667 1317 2732 per
1340 2648 1507 2732 seipsum

315 2750 489 2818 absurdum
513 2759 560 2820 est
583 2759 615 2819 et
636 2753 743 2821 locum
764 2758 798 2819 in
819 2775 880 2841 qno
900 2757 1050 2822 consistat
1070 2754 1231 2840 reliquum
1249 2752 1378 2818 nullum
1396 2752 1506 2818 babet.

314 2855 429 2923 Solum
452 2860 695 2941 γυναικοκρατία
718 2863 753 2925 iu
775 2867 942 2940 uenerat,
967 2859 1268 2942 miserescendo,
1292 2858 1506 2940 ίχλοκρατία,

316 2962 535 3047 δουλοκρατία,
571 2967 799 3049 πλουτοκρατία
834 2967 1013 3056 appellatur
1046 2962 1120 3034 ὅπου
1151 2966 1189 3032 ῶν
1220 2964 1355 3048 ίίατρον,
1387 2963 1504 3047 ὄχλοι,

314 3067 435 3151 δοῦλοι,
456 3071 601 3140 πλούσιοι
628 3077 788 3155 κρατῶσιν.

485 3379 487 3382 ,
539 3309 1280 3405 -1e1-in-e1·vsl-1-dsprsvatum.

359 3489 424 3561 Ubi
447 3501 637 3562 concurrunt
660 3495 741 3564 duae
763 3498 905 3585 syllabae
925 3509 982 3565 161
1002 3502 1184 3585 sequiorum
1202 3505 1384 3584 temporum
1407 3495 1506 3566 Grae·

313 3597 379 3668 culi
401 3599 535 3668 alterum
558 3601 718 3690 syllabam
741 3605 923 3672 resecabant
946 3607 1037 3684 ὑγεία
1061 3607 1199 3672 dicentes
1222 3627 1278 3693 pro
1300 3604 1422 3684 ὑγίεια,
1446 3629 1506 3671 τα-

311 3714 397 3788 μεῖον
438 3729 496 3795 pro
533 3709 692 3790 σαμίειον,
728 3712 843 3777 ’λλεια
880 3712 988 3799 (feriae
1023 3711 1106 3779 Solis
1141 3713 1225 3799 apud
1258 3711 1413 3792 Rhodios)
1447 3733 1506 3799 pro

310 3813 449 3893 Ἀλίνια,
476 3814 652 3894 Ὀλύμπιον
675 3837 731 3903 pro
755 3817 979 3897 Ὀλυμπίειον,
1000 3819 1181 3900 ’λσκλνιπίρι
1201 3838 1257 3904 pro
1277 3819 1505 3900 ’Λσκλνιπιιίρι,

310 3917 435 4005 alisque
453 3919 488 3987 id
505 3942 606 4009 genus
625 3921 735 4010 plura,
755 3944 835 4010 quse
855 3923 1017 3991 Strabonis
1036 3945 1160 4011 quoqne
1181 3921 1311 3992 Codices
1327 3928 1361 3990 et
1378 3928 1506 3990 textum

310 4024 483 4093 maculant.
522 4093 525 4098 ,

667 4265 910 4351 Ἐμπίμπλκμι.
936 4271 1150 4352 ε’μπίμπρνμι.

353 4443 534 4536 Scripturas
563 4448 720 4519 Codicum
754 4451 893 4542 pendent
919 4453 1157 4522 exscriberem
1181 4453 1399 4540 opinionibus,
1423 4473 1506 4542 quar
