3348 5086
694 409 759 482 417

120 612 159 673 nt
191 607 292 673 solent
306 601 447 681 ,Comici
477 605 623 672 hilariter
652 610 685 671 et
713 608 817 673 iocose
842 604 947 672 multa
971 607 1164 685 ὑποκοριτικιί
1188 609 1316 674 coniun-

120 733 208 800 gere.
254 712 493 778 Anarandrides
516 710 673 778 Athenaei
692 733 766 801 pag.
793 710 866 777 105.
893 731 923 777 r.

441 817 492 884 καί
517 816 686 898 συμπαίζει
711 818 892 901 καριδαρίοις

442 925 526 1002 μετοὶ
551 923 708 1004 περκιδίων
731 926 783 991 καί
809 925 1000 1010 θρᾳττιδίων,

330 1110 336 1121 1
443 1029 496 1095 καί
521 1030 701 1110 ψητταρίοις
724 1031 808 1109 μετὰ
833 1031 1000 1111 κωθαρίων,

442 1135 493 1201 καί
518 1135 696 1216 σκινδαρίοις
719 1140 806 1215 μετίο
830 1135 989 1216 κωβιδίων.

118 1246 168 1309 εἰσ
192 1239 362 1320 Comicus,
387 1263 481 1328 quem
504 1241 639 1309 Plautus
658 1245 923 1330 vocitantem,
943 1243 1314 1330 commentatitio,

119 1349 280 1430 θερμιδια,
305 1349 437 1414 συκίδια.
483 1347 546 1414 sed
570 1348 647 1414 haee
671 1349 782 1415 obiter.

168 1558 260 1626 ssiad.
285 1569 331 1624 M.
357 1557 433 1628 276.

533 1674 627 1738 νεῖκος
652 1664 888 1746 οίπωσαμένους.

168 1770 349 1858 Didymus:
383 1771 566 1854 Ἀρίταρχορ
599 1779 705 1844 νῖκος
739 1771 788 1838 διίι
816 1776 870 1838 τοῦ
895 1780 920 1837 Ι.
944 1777 1045 1850 recte,
1069 1778 1107 1838 ut
1129 1774 1258 1858 opinor,
1285 1778 1318 1840 et

120 1883 289 1964 receptum
310 1879 460 1963 oportuit.
496 1877 606 1943 Etiam
625 1899 710 1944 nunc
728 1879 885 1963 quaedam
905 1879 990 1963 apud
1008 1877 1190 1944 Homerum
1209 1883 1318 1944 eontra

119 1989 286 2069 receptum
318 2004 440 2050 morem
473 1992 512 2046 el
542 1983 661 2049 habent
691 2004 748 2070 pro
779 1993 793 2048 1
824 1984 931 2071 longo.
962 1992 1009 2048 M.
1042 1981 1117 2048 280.
1143 1982 1316 2066 Νειφέμεν

119 2110 181 2176 pro
212 2089 353 2171 νιφέμεν.
384 2100 425 2155 Ψ.
458 2087 534 2154 346.
557 2091 695 2170 Ἀρείονα
717 2110 774 2175 pro
797 2089 930 2170 Ἀρίονα.
954 2099 990 2155 Φ.
1015 2089 1090 2154 319.
1118 2089 1236 2154 eltaniae
1258 2109 1316 2177 pro

123 2196 233 2261 ίλιίσω.
280 2195 341 2262 Ad.
374 2194 434 2260 Od.
466 2219 498 2259 α.
531 2194 585 2261 22.
617 2197 766 2269 Αἰθίοπας
798 2195 963 2275 μετεκίαθε
987 2201 1156 2261 annotatur
1177 2197 1211 2260 in
1232 2194 1316 2262 Har·

120 2302 248 2368 leiano:
273 2325 308 2366 το
332 2311 401 2367 ΚΕΙ
426 2303 595 2384 δίφθογγον
621 2303 670 2366 aa
694 2303 728 2366 τὸ
752 2301 871 2385 μέτρον.
906 2301 1093 2386 Perpetem,
1117 2307 1155 2368 ut
1177 2301 1277 2368 videa.

437 2545 607 2609 'eoMeN
637 2579 654 2592 ·
666 2544 810 2610 ‘GOssCI
837 2579 856 2592 -
868 2547 1008 2608 PAAN.

170 2723 341 2788 Perierunt
370 2724 405 2786 in
435 2723 521 2807 poesi
554 2721 726 2788 Homerica
756 2723 962 2806 perantiquae
984 2720 1155 2787 nonnullae
1178 2721 1316 2806 formae,

122 2849 204 2914 quae
235 2850 275 2894 ex
306 2829 483 2894 Aristarchi
513 2829 716 2894 annotatione
741 2847 825 2892 nunc
848 2828 964 2892 vitiata
984 2829 1020 2891 in
1040 2824 1147 2892 lucam
1169 2847 1316 2895 revocare

121 2936 235 3021 possis

171 3039 264 3106 Iliad.
289 3047 331 3105 N.
357 3038 432 3105 315.

309 3143 340 3210 οί
357 3169 411 3222 μιν
436 3144 511 3222 ἄδην
535 3143 602 3212 iad
610 3169 677 3209 ωσι
702 3144 755 3209 καί
781 3144 946 3223 ἐσσύμενον
969 3143 1125 3226 πολέμοιο.

171 3252 351 3340 Didymus:
375 3255 445 3317 κατ’
470 3251 535 3318 ένια
558 3257 616 3317 τῶν
643 3251 872 3328 ὑπομνκμοίτων

488 3355 518 3424 οί
535 3383 588 3438 μιν
612 3357 687 3433 ἄδην
711 3361 914 3424 ’6ΛΟΟΎΟΙ.

128 3461 148 3528 δ’
169 3465 214 3534 έςι
240 3463 483 3543 κορέσουσιν.
509 3465 562 3529 καί
586 3464 637 3529 έπί
662 3469 715 3528 τοῦ
739 3463 938 3537 Ποσειδῶνος·

264 3572 341 3637 ἀλλ’
365 3568 410 3636 ἔτι
433 3570 490 3649 μέν
514 3571 568 3649 μίν
590 3577 674 3654 Φιρμι
696 3569 771 3643 ἅδην
793 3567 925 3634 έλοίαν
950 3569 1128 3644 κακότητος.

129 3680 181 3746 διίο
204 3683 262 3743 τῶν
288 3678 339 3744 δύο
362 3688 389 3743 A
414 3677 574 3758 παρέκειτο
599 3675 739 3743 ‘GAAN.
764 3685 915 3758 μαρτυρεῖ
934 3677 966 3742 δέ
988 3681 1038 3743 τὸ·

402 3781 488 3848 ίίσειν
511 3785 541 3848 έν
565 3783 656 3868 Τροίρ
679 3783 802 3863 ταχέας
826 3783 930 3854 κείνας.
995 3859 998 3866 ⁴

126 3891 222 3964 οὕτως
246 3890 441 3970 Ἀρίταρχος.

175 3995 392 4082 Comparandi
414 4000 488 4061 eunt
509 3997 549 4062 ad
572 3994 759 4062 eliciendam
780 4016 819 4061 er
837 3995 889 4060 his
908 3992 1087 4060 Aristarchi
1105 4013 1239 4059 manum
1258 3993 1320 4058 duo

127 4105 185 4172 alii
208 4127 248 4171 ex
270 4101 371 4168 Iliade
393 4102 473 4169 loci:

174 4220 216 4278 T.
243 4209 321 4275 402.
347 4209 416 4274 έτεί
438 4209 474 4290 χ’
498 4208 593 4287 ἐῶμεν
617 4207 770 4284 πολέμοιο.

174 4317 341 4385 Scholion:
385 4314 547 4380 δασυντέον
589 4315 624 4378 τὸ
659 4315 794 4391 ἐῶμεν.
832 4309 878 4382 ἔτι
913 4313 976 4393 γὰρ
1012 4310 1110 4388 ἄδην
1142 4309 1318 4394 ἔχωμεν,

127 4425 394 4505 κορεσθῶμεν.
442 4421 624 4508 Hesychius
646 4420 721 4485 hinc
744 4421 861 4485 sumsit
883 4437 996 4484 suum:

408 4531 569 4608 ’Θῶμεντ
595 4523 670 4602 οίδνρν
693 4522 830 4607 ἔχωμεν,
856 4525 1049 4607 κορεσθῶμεν.

1142 4633 1173 4679 27
