3356 5084
886 347 952 418 464

321 540 533 620 διαθήκην-
556 540 676 618 ταιίτην
709 549 774 607 ΔΕ.
804 561 879 630 peg.
911 540 988 608 547.
1023 541 1055 607 4.
1085 543 1111 608 εἰ
1135 541 1168 606 δέ
1190 565 1238 616 τις
1262 579 1305 592 -
1327 539 1427 623 τούτῳ
1450 547 1516 606 ΔΕ

322 671 399 740 psg.
438 647 535 718 1178.
569 649 598 714 5.
633 641 706 715 tt*
728 649 790 727 έγίο
814 649 867 730 έρῦ
888 685 931 698 -
951 651 1058 714 ταῦτα
1081 655 1149 714 ΔΕ.
1172 668 1248 737 pag.
1273 646 1373 716 1290.
1393 646 1427 714 6.
1447 642 1522 712 άταν

322 757 354 822 δέ
379 795 422 806 -
450 760 623 832 τηνικαῦτα
656 765 726 821 ΔΕ.
770 752 857 821 Hine
887 753 1020 844 colliges
1051 755 1204 822 excidisse
1232 752 1265 820 δέ
1285 775 1360 844 psg.
1384 752 1464 821 808.
1491 754 1520 818 1.

321 863 393 938 τοῦς
425 863 456 929 δέ
486 862 556 938 τοῦς
589 861 679 936 θντας
711 860 820 943 νθμους
851 862 895 936 εἰς
928 864 983 938 τέςν
1013 866 1072 928 τᾶν
1102 857 1201 943 ῦσπερ
1232 862 1286 927 οῦκ
1306 859 1399 928 θντοιν
1422 860 1519 938 νθμυι

320 969 412 1050 τάξιν
440 968 578 1049 άγοντας
602 968 726 1041 τούτους
752 969 818 1056 (Δ’)
843 968 1056 1049 ἀτιμωρήτους
1080 972 1237 1050 περιορᾶν,
1262 973 1295 1035 et
1317 971 1426 1034 nostro
1448 965 1519 1034 loeo

320 1078 413 1143 unite
444 1097 559 1145 verum
589 1093 674 1142 esse:
706 1071 755 1150 οῦς
793 1077 832 1139 Δ’
867 1074 971 1141 ἐνθάδε
1003 1076 1169 1158 προῄρηται
1195 1077 1306 1160 φίλους
1330 1076 1517 1153 κεκτῆσθαι,

321 1185 438 1256 τούτοις
463 1185 502 1249 Δ’
526 1181 676 1251 έπίτευεν.

364 1288 461 1356 Vides
482 1293 680 1356 constantem
703 1288 785 1355 hene
807 1288 1045 1374 compositionis
1068 1287 1205 1354 formem
1226 1309 1293 1356 esse
1312 1289 1370 1356 ubi
1389 1309 1516 1375 preses·

319 1395 368 1462 dit
390 1395 565 1463 relstivum
587 1391 618 1468 ie
645 1395 676 1461 δέ
701 1433 743 1444 -
768 1399 801 1462 et
824 1396 968 1480 sequitur
992 1394 1281 1463 demonstrativum
1304 1393 1390 1470 οὗτος
1415 1401 1484 1460 ΔΘ.

365 1604 472 1672 Insnis
493 1605 668 1672 verbositas
691 1605 799 1671 Attico
818 1607 941 1671 oratore
961 1603 1105 1690 quolibet
1125 1603 1260 1694 indigns
1277 1607 1388 1672 oneret
1405 1603 1515 1671 loeum

319 1730 395 1801 ρος.
427 1709 481 1778 85.
507 1709 538 1778 6.
571 1715 713 1777 τοσαῦτα
744 1712 828 1791 ὑμᾶς
854 1712 967 1791 άγαθᾶ
989 1712 1123 1789 ποιησειν
1147 1711 1222 1799 (ἐφη
1244 1715 1259 1777 θ
1278 1702 1514 1800 Φίλιππος),ᾶ

320 1818 456 1900 γράφειν
484 1817 523 1884 ᾶν
552 1817 607 1896 ἤδη
640 1820 666 1884 εἰ
701 1817 763 1903 ᾔδει
792 1819 847 1896 την
869 1819 983 1900 εἰρήνην
1008 1819 1152 1900 ἐσομένην
1174 1819 1265 1896 δῆλον
1286 1821 1325 1895 ιίς
1350 1841 1516 1901 προκεχει-

319 1925 464 2006 ρισμένον
495 1925 547 1990 καί
581 1926 709 2005 ἐτοίμον
739 1924 830 1990 ἰντοιν
860 1931 919 1990 τῶν
943 1927 1070 2005 άγαθῦυ
1098 1921 1132 2015 [ᾶ
1156 1925 1329 2004 ἐμέλλομεν
1353 1925 1514 1991 πείσεσθαι

319 2037 375 2106 τῆς
408 2031 524 2114 sistens
556 2023 746 2116 teresse}
785 2030 950 2111 γενομένης
986 2031 1017 2099 δὲ
1051 2039 1106 2107 τῆς
1138 2033 1252 2114 sesne
1282 2023 1305 2098 ἃ
1336 2032 1395 2111 μὲν
1423 2033 1513 2110 ἡμεῖς

319 2137 493 2218 ἐμέλλομεν
516 2136 626 2216 άγαθᾶ
648 2138 808 2204 πείσεσθαι
832 2136 965 2203 ἐκποδιθν
989 2139 1052 2204 κτέ.
1090 2137 1125 2204 Si
1145 2142 1216 2225 quis
1235 2139 1313 2205 haee
1333 2159 1396 2204 non
1416 2140 1514 2204 sentit

317 2246 425 2330 inepte
447 2241 624 2319 shundsre,
649 2245 729 2310 seire
751 2243 869 2312 vetlem
894 2265 934 2310 sn
957 2248 1026 2331 ipse
1050 2248 1095 2311 sie
1117 2247 1293 2311 orationem
1315 2245 1512 2311 formaturus

318 2351 441 2416 fuisset.
487 2349 708 2438 Hegesippus,
732 2353 823 2416 ouius
845 2350 924 2417 hseo
945 2353 1046 2417 oratio
1070 2355 1134 2430 est,
1160 2350 1285 2417 dixerat
1297 2357 1412 2434 pareto
1431 2349 1513 2416 seili-

319 2464 363 2522 oet
388 2457 465 2524 hseo
489 2457 563 2522 ἰοιιο
576 2456 684 2543 fuisse
705 2478 806 2543 quum
828 2456 887 2523 ills
909 2456 1080 2544 Philippus
1102 2457 1344 2544 pollicitaretur.

363 2665 444 2755 Peg.
475 2665 530 2732 86.
563 2666 615 2733 28.
650 2668 683 2732 ori
714 2665 804 2746 μάνου
836 2669 891 2742 την
921 2665 981 2744 ἔξω
1006 2670 1142 2750 Ἀγορᾶς
1164 2665 1271 2748 χάραν
1293 2665 1510 2749 σφετερίζεται

319 2773 409 2839 άλλᾶ
441 2773 494 2838 καί
522 2774 594 2855 πρθς
619 2774 824 2854 Καρδιανοὺς,
847 2768 874 2839 οἰ
897 2776 1025 2840 οἰκοῦσιν
1048 2771 1118 2838 εἰσιν
1143 2776 1277 2855 Ἀγορᾶς
1300 2772 1460 2841 ἐπιτέλλει
1483 2773 1513 2836 έν

318 2888 358 2963 τῇ
389 2883 441 2944 νῦν
471 2879 614 2963 έπιςολη.
627 2879 665 2951 ὡς
689 2879 737 2946 δεῖ
756 2881 839 2960 ὑμᾶς
863 2877 1091 2960 διαδικάζεσθαι
1119 2878 1205 2967 [πρὸς
1230 2877 1416 2958 Καρδιανοὺς
1440 2879 1510 2952 τοῦς

318 2990 537 3060 κατοικοῦντας
568 2987 599 3051 ἐν
623 2995 662 3070 τῇ
689 2985 836 3072 ὑμετέρα]
860 2986 889 3052 εἰ
911 3012 940 3052 τι
968 2986 1040 3068 πρὸς
1072 2986 1185 3058 αὐτοὺς
1213 2983 1405 3068 διαφέρεσθε.
1451 2984 1512 3052 Iro·

318 3111 373 3157 ens
406 3093 522 3157 misere
555 3091 775 3178 interpolatus.
840 3093 913 3158 Non
948 3096 1016 3160 eret
1050 3093 1242 3181 ambiguum
1276 3093 1354 3186 quin
1388 3093 1406 3168 ἢ
1441 3090 1510 3158 εἰσο

319 3195 455 3278 Ἀγορᾶς
488 3196 667 3279 Χερρθιηοις
701 3203 784 3264 esset
814 3198 1077 3265 Atheniensium:
1112 3197 1283 3284 Philippus
1319 3203 1428 3264 sutem
1460 3197 1512 3263 rto

318 3301 411 3370 τάπον
443 3301 575 3369 ᾶπαντα
605 3303 657 3369 τίν
688 3300 744 3376 έξοι
773 3303 907 3385 Ἀγορᾶς
940 3306 977 3377 ὡς
1012 3305 1122 3370 ἑαυτοῦ
1154 3303 1228 3368 θντα
1257 3302 1309 3368 καί
1334 3304 1406 3380 ὑμῖν
1430 3304 1512 3370 οὐδέν

318 3413 507 3492 προσήκοντα
541 3407 632 3474 έδιικε
665 3413 852 3487 καρποῦσθαι
889 3408 1099 3495 Ἀπολλωνίδη
1134 3412 1176 3491 τῷ
1212 3408 1379 3490 Καρδιανῷ.
1426 3410 1512 3498 Its-go

315 3516 440 3603 relique
460 3535 533 3602 pers
556 3517 689 3582 interior
712 3513 899 3582 Chersonesi
923 3519 990 3582 sine
1014 3517 1228 3592 controversie
1250 3518 1375 3582 eratin
1391 3515 1512 3583 ditione

317 3622 572 3689 Atheniensium.
619 3621 730 3706 Itsque
754 3622 827 3702 πρὸς
851 3621 1037 3698 Καρδιανοὺς
1062 3615 1089 3688 οἰ
1110 3624 1241 3687 οἰκοῦσιν
1265 3621 1334 3688 εἰσιν
1357 3619 1495 3702 Ἀγορᾶς
1502 3670 1510 3700 ,

317 3734 349 3795 et
382 3729 454 3807 πρὸς
485 3725 669 3806 Καρδιανοὺς
704 3727 774 3801 τοὺς
799 3734 1017 3802 κατοικοῦντας
1043 3729 1073 3793 έν
1097 3739 1137 3811 τῇ
1162 3728 1297 3813 ὑμετέρα
1320 3732 1368 3794 ost
1385 3750 1512 3812 prorsus

316 3835 394 3899 idem
435 3837 467 3899 et
501 3836 699 3921 ineptissime
734 3835 783 3899 bis
816 3834 905 3900 idem
939 3835 1012 3901 eliis
1045 3836 1151 3901 verbis
1186 3834 1316 3900 dieitur.
1376 3833 1510 3901 Reseeto

315 3939 435 4006 scholio
457 3942 557 4006 oratio
578 3945 663 4006 reete
685 3940 826 4025 procedit
850 3942 914 4006 sio:
938 3941 992 4005 καί
1014 3941 1087 4022 πρὸς
1109 3939 1316 4024 Καρδιανοὺς,
1337 3935 1365 4005 οἰ
1383 3940 1511 4006 οἰκοῦσιν

315 4044 386 4111 εἰσιι
412 4043 567 4128 Ἀγορᾶς,
591 4044 747 4114 ἐπιτέλλει
770 4047 809 4118 ὥς
834 4044 882 4112 te·
902 4047 986 4126 ὑμᾶς
1010 4047 1186 4129 δικάζεσθαι
1206 4044 1236 4110 εἰ
1254 4069 1284 4110 τι
1304 4044 1377 4127 πρὸς
1397 4039 1534 4119 sirete*

318 4150 508 4234 διαφέρεσθε.

363 4359 440 4448 Peg.
467 4359 522 4426 90.
546 4358 578 4425 8.
605 4361 687 4438 ὑμᾶς
709 4361 780 4435 τοὺς
805 4362 939 4436 πολλοὺς
963 4363 1014 4430 δεῖ.
1032 4363 1140 4431 πάντα
1159 4359 1257 4430 πάλλ’
1277 4365 1510 4446 άφΕΛΟΝταε

318 4463 340 4534 ά
364 4475 403 4550 τῇ
427 4466 516 4533 πθλει
540 4465 678 4547 νομίζετε
702 4467 869 4550 συμφέρειν
888 4475 995 4537 ταῦτα
1014 4471 1218 4555 ψηφίζεσθαι.
1254 4469 1337 4537 Sunt
1355 4472 1510 4558 quaedum
