3356 5084
902 353 968 434 502

337 551 452 631 τίσαοι
482 552 616 638 δημοσία
646 563 761 621 ποιεῖτε
793 553 905 634 λθγους
937 555 1145 640 ἐπιταφίους,
1178 557 1209 622 ίν
1239 553 1282 633 οίς
1312 564 1457 638 κοσμεῖτε
1481 555 1527 625 τίς

338 667 396 726 τῶν
427 663 552 740 craeso
582 661 694 742 οίνδρῶν
723 659 809 744 ἔργα.
856 661 941 728 Mire
969 665 1174 749 perturbatus
1203 665 1257 730 hio
1287 665 1376 732 locus
1410 671 1460 732 est
1493 667 1529 731 in

337 765 517 836 (lodicibus.
563 766 714 834 Meliores
738 772 770 833 et
793 770 828 832 in
849 768 901 833 his
922 772 1063 855 optimus
1087 769 1110 836 8
1132 771 1299 837 exhibent:
1320 771 1528 856 δημοσίᾳκαὶ

336 882 407 962 ταῖς
437 880 560 958 ταφαῖς
591 881 663 946 ταῖς
694 873 854 952 δημοσίαις
885 883 1001 940 ποιεῖτε
1032 874 1153 955 λθγους.
1201 874 1367 944 Sententia
1388 878 1529 964 simplex

336 987 369 1048 et
399 987 508 1076 aperta
535 979 629 1046 facile
659 982 842 1045 restituitur
871 985 909 1044 ut
939 984 1135 1067 acquiescere
1172 986 1331 1070 possimus
1364 983 1528 1052 Schaeferi

335 1091 551 1172 coniecturae,
582 1107 679 1172 quam
709 1083 890 1152 Dindorfius
919 1091 1047 1174 recepit.
1094 1088 1158 1155 Sed
1180 1090 1220 1155 ad
1242 1093 1417 1158 sententiae
1440 1093 1526 1158 inte·

334 1197 488 1284 gritatem
519 1194 581 1260 duo
610 1194 707 1260 verba
738 1191 964 1259 desiderantur.
1011 1194 1135 1281 Nempe
1167 1195 1366 1264 laudationes
1397 1197 1527 1284 publiea

333 1324 397 1370 non
425 1302 625 1369 habebantur
647 1299 697 1364 ἐπί
721 1303 800 1363 πᾶσι
823 1307 886 1373 τοῖς
910 1304 1135 1380 τελευτήσασι,
1160 1303 1215 1369 sed
1237 1305 1279 1368 iis
1302 1308 1448 1380 tantum.
1471 1305 1527 1391 qui

334 1413 368 1478 οἰι
396 1409 523 1495 proeliis
552 1406 740 1490 cecidissent,
764 1410 802 1470 ut
826 1407 975 1472 omnibus
996 1419 1111 1473 notum
1134 1413 1192 1474 est.
1239 1408 1350 1495 Itaque
1373 1410 1525 1498 supplen-

336 1518 416 1583 dum
444 1537 511 1582 esse
539 1513 668 1580 videtur
697 1513 747 1577 e'rrl
778 1519 840 1586 τοῖς
867 1514 911 1600 (ἐν
933 1513 1074 1599 πολέμῳ)
1096 1518 1337 1596 τελευτήσασιν,
1362 1524 1395 1584 st
1419 1517 1524 1598 ἄνδρες

335 1623 449 1704 οίγαθοί
477 1621 626 1687 demere
649 1617 848 1705 appellantur
870 1617 975 1693 οίτινες
1000 1621 1104 1702 ἄνδρες
1129 1623 1241 1702 spato>
1265 1623 1420 1703 γενθμενοι
1446 1623 1524 1704 ὑπὲρ

335 1739 391 1807 τῆς
415 1728 532 1800 πθλεως
556 1725 725 1802 οίπέθανον,
748 1728 804 1810 qui
826 1725 886 1792 soli
907 1727 1034 1812 publice
1054 1731 1090 1793 in
1109 1725 1273 1796 Ceramico
1290 1729 1526 1816 sepeliebantur

335 1844 367 1906 et
397 1837 578 1904 laudatione
608 1832 810 1899 emebantur.
856 1833 960 1900 Notus
990 1841 1038 1901 est
1068 1833 1229 1903 Ciceronis
1256 1838 1295 1904 de
1317 1859 1355 1904 ea
1377 1858 1411 1903 re
1435 1835 1525 1902 locus

335 1948 371 2011 in
398 1945 523 2008 Oratore
545 1938 599 2004 44.
623 1942 641 2024 ξ
667 1938 741 2004 151.
767 1961 826 2003 πνοι
848 1946 891 2004 αθ
914 1942 1234 2008 Actaeaeacteae
1252 1945 1389 2009 οοιιοίοπο
1408 1943 1526 2029 eosqui

333 2052 396 2117 είαθ
417 2053 452 2115 in
474 2047 602 2136 proeliis
623 2045 789 2131 interfecti.

379 2155 512 2222 Utiliter
543 2151 780 2238 comparabitur
812 2151 900 2218 locus
934 2152 1083 2241 Dionysii
1117 2153 1223 2221 Halia
1256 2156 1295 2221 A.
1308 2155 1348 2221 R.
1380 2155 1418 2224 V.
1448 2176 1522 2244 pag.

334 2262 411 2332 887.
436 2262 468 2328 2.
493 2261 645 2335 Ἀθηναῖοι
670 2258 720 2322 ἐπὶ
744 2265 808 2330 τοῖς
829 2259 870 2323 ἐκ
893 2262 967 2324 τῶν
990 2259 1178 2339 πολέμιον
1203 2261 1401 2340 θαπτομένοις
1422 2262 1523 2340 μθνοις

335 2367 574 2443 πασας-τίσασθαι
608 2364 679 2438 τοὺς
715 2365 898 2447 ἐπιταφίους
933 2365 1135 2446 ἀγορεύεσθαι
1169 2367 1282 2446 λόγους
1317 2369 1453 2435 δοκοῦσιν
1488 2369 1524 2433 ἐκ

334 2481 409 2558 μιᾶς
441 2483 497 2551 τῆς
529 2472 597 2554 περὶ
620 2472 672 2537 τὸν
697 2471 827 2538 θιίνατον
851 2473 962 2552 οίρετιῑς
981 2511 1023 2523 -
1040 2472 1196 2556 ἐξετάζειν
1217 2475 1342 2555 οίιίαενοι
1367 2475 1428 2541 δεῖν
1451 2476 1522 2550 τοὺς

334 2582 484 2665 οίγαθοθς.

379 2793 460 2880 Pag.
485 2788 563 2855 501.
587 2786 642 2855 28.
666 2784 752 2862 οὗτος
777 2787 941 2872 θγροίψατο
964 2791 1019 2863 τὴν
1043 2790 1179 2872 Χαβρίου
1202 2790 1313 2872 δωρεὰν
1337 2793 1380 2878 [ἐν
1401 2789 1421 2875 ᾗ
1439 2789 1522 2859 τοῦτ’

335 2899 413 2968 ἔνεςι
445 2897 479 2962 τὸ
510 2902 566 2969 τῆς
597 2895 744 2966 αίτελείας
776 2902 836 2961 τῶν
868 2895 967 2977 ἐκείνῳ
997 2921 1028 2962 τι
1059 2895 1210 2983 δοθέντων]
1244 2898 1297 2963 καί
1331 2898 1403 2978 πρὸς
1441 2899 1523 2978 ὑμᾶς

334 3005 474 3072 εἰσελθὼν
506 3002 631 3077 irride.
678 3000 859 3068 Dobraeus:
893 3025 977 3081 „con
1008 3011 1119 3068 tactum
1151 3027 1216 3068 οαια
1240 3005 1364 3091 Pnyloro
1386 3006 1418 3070 ἐν
1443 3003 1522 3088 ἧ·-

333 3111 473 3180 δοθέντοιν
504 3108 590 3192 ejicio
619 3109 673 3171 scd
697 3130 763 3172 mec
786 3106 863 3174 502.
891 3107 942 3173 12.
968 3109 998 3172 ἕν
1022 3105 1040 3190 ᾖ
1062 3113 1147 3175 τοῦτ’
1170 3109 1264 3186 θνῆν.”
1287 3111 1369 3176 mihi
1392 3113 1522 3198 quidem

331 3218 425 3305 plane
446 3213 623 3301 persuadet

376 3322 544 3388 Praeterea
573 3320 698 3404 requiro
722 3318 774 3383 καί
800 3328 866 3384 elc
890 3321 973 3398 θροῖις
996 3322 1136 3387 είσελθιίν
1158 3343 1215 3409 pro
1238 3323 1321 3405 πρθς.
1368 3324 1520 3393 Constan-

330 3436 380 3496 ter
409 3429 494 3494 enim
526 3424 797 3510 quemadmodum
821 3425 940 3492 dieitur
962 3428 1005 3500 είς
1028 3428 1197 3510 δικατθριον
1219 3431 1385 3516 είσελθείν,
1410 3436 1456 3498 sio
1480 3433 1519 3499 ad

330 3539 416 3623 ipsos
438 3533 558 3599 iudices
584 3531 630 3618 (τὸ
655 3530 824 3612 δικαςθριον
847 3533 1001 3598 cerellium
1024 3538 1152 3602 nomine
1171 3535 1349 3624 collective)
1372 3537 1521 3606 dicebant

332 3642 374 3716 είς
400 3643 483 3720 ὑμᾶς
505 3638 650 3713 είσῆλθον.

758 3889 875 3946 ΚΑΤΑ
900 3890 1096 3948 memor.

375 4063 456 4152 Peg.
481 4059 556 4128 515.
582 4057 635 4126 19.
659 4057 717 4142 ίσῳ
741 4061 877 4128 πλείοσιν
900 4059 984 4136 οὗτος
1010 4065 1168 4144 ἠνώχληκε
1189 4065 1242 4130 καί
1262 4069 1517 4145 ΠΕΡΙιίγγελιιεν

334 4211 375 4222 -
394 4173 486 4250 ἑώρων
508 4169 571 4248 γὰρ
593 4165 687 4231 αὐτὸν
707 4163 776 4248 θίρτι
797 4170 852 4248 πρὸ
871 4175 930 4235 τῶν
949 4169 1127 4249 διαατνιρίυν
1145 4165 1195 4235 οία
1216 4171 1370 4238 ἐποίει-
1388 4175 1519 4254 τοσούτῳ

332 4283 457 4360 μᾶλλον
481 4272 594 4354 ἐλπίζοι
619 4274 654 4339 τθ
676 4272 791 4338 δίκαιον
813 4271 900 4349 ἕξειν.
937 4275 1123 4365 Legendum
1146 4279 1401 4355 ΠΑΡιίγγελιιεν.
1436 4279 1519 4346 Noto

331 4406 394 4452 usu
424 4379 661 4464 παραγγέλλειν
692 4387 724 4446 et
754 4383 964 4461 παραγγελία
994 4385 1029 4448 in
1060 4382 1189 4448 iudiciis
1212 4382 1370 4472 signifieat
1392 4385 1519 4470 οιιιθίτο,

324 4511 471 4579 precem
492 4488 613 4554 indices
636 4490 668 4553 et
687 4486 902 4574 pollicitando,
925 4490 1073 4571 repando,
1094 4489 1273 4555 blandiendo
1287 4491 1420 4574 ρταθίαιπ
1438 4492 1520 4558 iudi·
