3356 5084
869 317 944 410 poe

310 527 348 572 ex
371 504 440 573 loeo
462 506 611 596 Dionysii
634 505 740 575 Helie.
764 509 799 574 in
819 507 931 576 libello
953 509 990 573 de
1013 504 1217 572 Demosthenis
1237 503 1405 592 eloquentia
1430 524 1502 593 png.

312 611 398 681 1127
422 612 533 682 Reisk.
560 616 617 682 ubi
639 620 747 682 narret
769 614 1019 682 Demosthenem
1041 612 1140 679 solere
1162 619 1290 686 πολλοῖς
1312 609 1443 690 όνόμασι
1469 611 1504 676 τό

308 719 384 784 αὐτὸ
421 723 560 801 προῖγμα
583 720 711 798 δηλοῦν,
735 725 768 787 et
791 721 937 809 exemplo
956 721 1034 786 heee
1057 718 1163 785 effert:
1187 718 1240 784 τόν
1264 715 1389 793 Μηδίαν
1409 723 1503 799 (Μει-

309 823 389 914 δίαν)
421 830 527 892 τοῦτον
551 829 604 894 οὐκ
628 828 710 900 εῖδώς
739 824 802 902 όςις
826 830 896 895 ποτ’
920 826 983 896 ἐτίν
1006 824 1072 892 οὐδὲ
1095 822 1257 904 γιγνώσκω
1283 825 1502 914 (γιγνώσκων).

310 936 359 998 et:
383 941 438 1009 τῆς
463 934 605 1018 οῖδελφιῖς
629 933 761 1001 ἐναντίον
786 933 873 1015 κόρης
897 929 942 1000 ἔτι
967 932 1019 998 καί
1041 930 1150 1006 παιδός
1171 929 1272 1008 οὔσης.
1308 930 1405 998 Vides
1424 931 1503 998 hseo

308 1041 495 1106 memoriter
526 1061 565 1107 ex
594 1046 702 1108 nostro
725 1040 794 1108 loeo
817 1040 936 1118 efferri,
962 1038 1017 1106 sed
1040 1037 1140 1105 libros
1162 1037 1405 1116 Demosthenis,
1430 1039 1503 1123 qui·

306 1144 366 1210 bus
388 1144 562 1234 Dionysius
581 1147 751 1226 utebatur,
771 1167 834 1213 non
852 1145 958 1213 multo
977 1144 1126 1211 meliores
1145 1144 1243 1210 fuisse
1263 1164 1360 1229 quem
1378 1149 1504 1211 nostros

309 1248 388 1317 olibi
412 1249 584 1340 diligenter
607 1253 781 1320 ostendam.
817 1252 926 1318 neam
946 1251 1027 1318 elter
1045 1250 1133 1317 locus
1154 1271 1193 1316 ex
1212 1250 1358 1316 Μῖόῖαιια
1376 1255 1505 1316 sumtus

309 1359 357 1421 est
379 1376 454 1444 peg.
480 1356 545 1423 540
570 1356 601 1424 5.
626 1355 696 1426 εἶτα
719 1369 776 1436 τῆς
800 1359 942 1442 ώδελφιῖς
966 1355 1009 1423 ἐτ’
1032 1354 1110 1422 ἔνδον
1133 1357 1224 1431 οὔσης
1247 1356 1320 1423 τότε
1346 1355 1400 1422 καί
1430 1379 1503 1422 παι-

308 1461 357 1533 δός
390 1461 480 1540 οὔσης
509 1464 595 1547 κόρης
628 1464 779 1544 ἐναντίον,
811 1465 869 1531 ubi
899 1463 1012 1531 melior
1042 1469 1089 1530 esi
1118 1463 1267 1551 Dionysii
1292 1461 1407 1531 lentio:
1430 1457 1504 1528 εἶτα

308 1573 362 1642 τῆς
386 1568 529 1654 ἀδελφοῖς
553 1570 687 1637 ἐναντίον
711 1569 798 1654 κόρης
822 1569 867 1638 ἔτι
890 1570 943 1637 καί
966 1569 1075 1646 παιδός
1099 1569 1200 1648 οὔσης.

352 1780 433 1869 Peg.
468 1779 544 1847 540.
576 1780 608 1847 8.
636 1782 692 1856 τίον
723 1781 844 1864 μητέρα
874 1783 957 1860 κώμέ
988 1782 1042 1848 καί
1073 1781 1197 1856 πιόντας
1229 1783 1312 1858 ημοῖς
1344 1779 1423 1861 όητιὶ
1447 1779 1502 1846 καί

308 1886 425 1969 ἄρρητα
453 1889 538 1954 κακαὶ
568 1887 726 1957 ἘΞεῖτοκ
773 1888 846 1955 Non
877 1888 1025 1978 intelligo
1045 1888 1129 1956 unde
1153 1888 1289 1955 moleste
1311 1889 1503 1973 praepositio

306 1996 394 2062 nasei
414 1997 572 2081 potnerit,
596 1994 650 2061 sed
668 1993 729 2061 hoe
747 1996 811 2061 seio
831 2015 902 2063 eam
922 1997 990 2062 sine
1011 2016 1101 2063 mora
1121 1994 1220 2062 deleri
1241 2001 1394 2080 oportere.
1420 1989 1502 2060 Gon·

307 2106 428 2167 stanter
450 2121 559 2167 omnes
583 2122 622 2166 ex
643 2103 714 2186 ipse
735 2102 782 2166 rei
805 2105 919 2167 netnre
941 2102 1039 2169 verbo
1057 2101 1197 2188 simplici
1215 2100 1406 2179 utebantur,
1421 2100 1502 2183 ρἠτα

307 2207 359 2273 καί
392 2203 511 2287 ἄρρητα
541 2205 646 2285 λέγειν
680 2205 766 2285 τινώ,
797 2206 841 2273 τώ
872 2204 1001 2289 ἔσχατα
1036 2208 1192 2283 οῖλλνὶλους
1227 2205 1331 2286 λέγειν
1361 2213 1394 2272 et
1425 2207 1498 2272 sim.

306 2311 425 2380 Nullus
446 2313 542 2381 verbo
567 2314 743 2398 composito
767 2311 937 2396 ἐξαγορεώω
961 2317 995 2379 in
1018 2313 1077 2380 isli
1099 2335 1134 2380 re
1156 2312 1246 2381 loeus
1268 2331 1335 2378 esse
1356 2313 1476 2398 potuit.

350 2521 430 2611 Peg.
465 2520 540 2588 543.
574 2520 626 2589 19.
660 2520 773 2602 ἄτιμον
803 2521 968 2598 Ἀθηναίων
992 2521 1046 2590 ἕνα
1069 2518 1145 2589 εῖναι
1170 2521 1292 2588 δεῖκαὶ
1316 2521 1399 2600 μήτε
1423 2545 1500 2600 συγ·

303 2627 430 2708 γνώμης
453 2630 546 2708 μήτε
569 2637 715 2696 ΛΟΓΟΤ
738 2629 820 2708 μήτε
844 2630 1011 2702 ἐπιεικείας
1035 2630 1191 2708 μηδεμιᾶς
1214 2637 1334 2709 τυχεῖν.
1382 2627 1500 2694 Veram

270 2743 277 2754 ’
303 2733 473 2802 lectionem
496 2734 593 2800 habet
616 2734 638 2800 S
658 2737 693 2800 in
715 2736 863 2824 msr'gine
886 2759 936 2818 γρ.
962 2733 1057 2802 ἐλέου.
1104 2733 1266 2822 Oompone
1288 2735 1398 2802 locum
1422 2754 1497 2824 peg.

305 2838 383 2907 547.
420 2843 451 2907 7.
486 2839 581 2916 οὐδεὶς
612 2840 675 2923 γώρ
707 2842 753 2912 ἐςι
785 2841 899 2914 δίκαιος
930 2841 1102 2924 τυγχώνειν
1137 2841 1152 2906 ἐ
1159 2840 1253 2908 λέου
1288 2847 1346 2907 τών
1380 2839 1499 2920 μηδένα

303 2945 465 3013 ἐλεούντων
497 2945 563 3012 οὐδὲ
595 2945 785 3027 συγγνώμης
817 2954 876 3014 τῶν
905 2946 1165 3029 ἀσυγγνωμόνων.
1198 2953 1230 3015 et
1260 2969 1334 3035 peg.
1365 2945 1443 3012 549.
1466 2945 1496 3012 2.

303 3054 382 3127 τίνος
414 3055 601 3133 συγγνώμης
635 3053 754 3130 ἣτίνος
788 3053 903 3121 ε’λέου
934 3054 1056 3128 δικαίως
1080 3052 1225 3132 τεύξεται
1249 3052 1322 3135 παρ’
1346 3052 1444 3131 oper:
1467 3059 1499 3120 et

303 3180 375 3248 pag.
408 3159 485 3226 581.
518 3157 573 3225 24.
606 3159 634 3225 εί
664 3185 710 3233 τις
743 3161 826 3240 ὑμεῖν
856 3169 914 3227 τῶν
947 3169 1127 3228 πολλῶν-
1148 3161 1190 3235 είς
1215 3161 1384 3240 δικαςιὶριον
1410 3160 1496 3226 εῖσόοι

303 3265 539 3346 πεπληρωμένον
563 3266 598 3330 ἐκ
619 3265 733 3332 τούτων
757 3267 836 3340 τίνος
857 3266 1044 3346 συγγνώμης
1065 3267 1082 3343 ἢ
1105 3265 1183 3340 τίνος
1207 3267 1362 3332 ἘΛΕΟΤ
1383 3275 1493 3348 τυχεῖν

304 3370 342 3438 ῖιν
366 3370 478 3450 οῖεσόε;
502 3371 554 3438 Sie
576 3371 653 3438 libri
675 3393 785 3439 omnes
808 3377 932 3459 praeter
955 3372 998 3453 S,
1022 3373 1106 3440 unde
1129 3371 1224 3452 λόγου
1246 3377 1411 3458 receptum
1431 3376 1490 3450 est,

301 3478 357 3545 sed
380 3477 404 3544 S
425 3500 508 3545 nune
532 3477 662 3564 quidem
686 3476 823 3547 Oritioos
847 3479 973 3547 fefellit.

344 3587 455 3658 Ἔλεος
487 3588 520 3650 et
547 3587 718 3664 συγγνώμη
753 3606 845 3672 saepe
875 3587 920 3652 sie
951 3588 1118 3653 coniuncto
1148 3587 1360 3671 reperiuntur.
1414 3583 1497 3650 Vide

302 3711 375 3780 png.
402 3689 478 3758 423.
504 3688 563 3769 18,
587 3711 661 3780 psg.
686 3691 763 3758 431.
787 3691 849 3779 22,
870 3712 944 3781 pag.
966 3690 1043 3761 794.
1066 3692 1105 3760 11
1128 3696 1161 3759 et
1179 3689 1238 3772 27,
1258 3712 1333 3781 peg.
1349 3689 1425 3757 610.
1440 3688 1493 3758 27.

347 3901 428 3990 Peg.
462 3899 538 3966 543.
571 3899 625 3967 24.
659 3901 761 3979 ἐπειδὴ
796 3903 946 3982 ἠτίμωσεν
976 3900 1007 3968 ὃν
1031 3901 1181 3981 ἐβουλήθη
1206 3901 1257 3967 καί
1282 3905 1367 3966 τοῦτ’
1390 3901 1497 3984 ἐχαρί-

304 4009 398 4074 τασόε
429 4009 513 4090 αὐτῷ
543 4005 595 4072 καί
619 4009 674 4082 την
698 4009 807 4087 όναώῆ
829 4012 968 4089 γνώμην,
995 4007 1014 4093 ᾗ
1037 4013 1143 4075 ταῦτα
1167 4015 1356 4088 προαιρεῖται
1380 4014 1494 4083 ποιεῖν,

301 4113 467 4190 ἐνέπλησεν
499 4115 631 4202 [αὑτοῦ].
679 4115 742 4183 Pro
770 4117 960 4201 ἐχαρίσασόε
986 4115 1086 4197 αὐτῷ,
1112 4113 1196 4200 quod
1217 4115 1495 4199 perversissimum

303 4227 366 4299 est,
400 4220 562 4288 Dobreeus
597 4221 772 4303 ἐχαρίσαθ’
809 4223 893 4306 αὑτῷ
929 4221 1108 4310 reponebat.
1167 4219 1240 4285 Non
1273 4220 1410 4284 memini
1442 4239 1496 4285 me

302 4327 409 4415 legere
432 4327 529 4408 ἑαυτῷ
552 4327 760 4410 χαρίσασθαι,
783 4350 841 4396 neo
865 4328 987 4416 pleeet;
1014 4326 1068 4394 sed
1091 4325 1176 4392 nihil
1198 4327 1319 4412 reperio
1342 4325 1428 4410 quod
1454 4326 1497 4392 sit

302 4432 429 4500 melius.
474 4431 511 4498 In
539 4455 607 4520 sqq.
631 4431 714 4500 nihil
739 4433 953 4503 desiderarem
977 4436 1006 4501 si
1028 4431 1205 4521 legeretur:
1230 4430 1284 4497 καί
1306 4431 1362 4507 την
1384 4431 1494 4508 ἀναιδῆ
