3304 5090
696 349 757 420 ter

143 542 189 623 τῷ
215 540 329 622 ξιφιδίῳ
356 543 483 619 'exstes
504 542 557 607 sal
582 543 713 608 οῖνεῖλεν.
761 539 949 630 Legendum
974 541 1118 624 Δῖθπειρε
1142 545 1326 609 transuerbe-

141 651 232 718 rarit.
256 651 317 714 nisi
335 650 416 714 forte
435 651 477 728 τῷ
495 648 598 730 ξίφει
619 646 764 724 allerias
785 645 900 714 Strabo
918 651 1103 734 scripserat.
1124 650 1178 716 sed
1196 652 1326 716 omnino

143 757 233 822 verbo
262 757 435 840 composito
465 777 543 841 opus
572 763 631 822 est.
678 753 822 840 Simplex
856 755 946 836 πεῖρεν
980 755 1191 852 Homericum
1222 761 1327 823 estet

145 881 245 928 eorum
268 863 324 946 qui
346 860 553 928 Homericam
575 862 724 950 linguam
746 862 923 928 imitantur.
994 951 1004 965 ἱ

184 1071 258 1160 Peg.
290 1069 366 1136 609.
399 1070 635 1154 ἀναγκάζεσθαι
668 1071 771 1150 μέντοι
802 1069 844 1136 τα
869 1063 976 1137 πολλοὶ
1000 1069 1112 1138 εῖκθπΑ
1136 1081 1252 1150 λεγειν
1275 1074 1326 1141 διὰ

145 1181 248 1253 πλῆθος
279 1183 338 1244 τῶν
369 1177 538 1258 αμαρτιῶν.
585 1177 662 1266 Leg.
697 1176 740 1242 τθι
772 1177 878 1242 πολλοὶ
914 1179 1175 1256 εἲκοτΟΛΟγεῖν,
1210 1179 1244 1244 id
1279 1187 1328 1246 est

145 1285 261 1348 ι’κσαιοι
291 1284 476 1348 coniecturae
505 1289 589 1370 sequi
617 1285 652 1348 in
683 1303 720 1350 ee
751 1303 785 1350 re
814 1303 895 1368 quae
918 1292 1003 1351 certo
1026 1287 1101 1351 seiri
1122 1307 1185 1352 non
1208 1289 1310 1372 possit
1316 1306 1325 1366 ;

144 1411 270 1475 namque
300 1388 406 1454 εῖκθτα
429 1391 533 1467 λέγειν
557 1395 605 1456 est
628 1392 736 1475 potine
753 1390 922 1474 probabilia
945 1391 1063 1456 dicere..
1111 1393 1326 1471 Εἷκοτολογεῖν

145 1518 176 1563 eo
204 1518 296 1562 sensu
329 1499 448 1582 passim
478 1496 601 1585 legitur
630 1501 662 1562 et
685 1496 770 1582 apud
793 1495 873 1561 alios
896 1502 928 1562 et
951 1497 1036 1581 apud
1059 1495 1266 1576 Strabonem,
1290 1504 1327 1564 ut

145 1625 208 1692 pag.
228 1601 305 1667 620.
331 1605 613 1681 εθκοτολογεῖν
637 1602 664 1668 θ’
682 1602 727 1668 ἑοῖ
750 1601 807 1666 κεῖν
825 1601 917 1674 εἴτις
938 1605 990 1666 τὸν
1009 1603 1122 1683 θκοιβιῖ
1139 1605 1228 1686 ζητεῖ
1242 1605 1327 1671 κκπθι

142 1709 188 1773 σθν
209 1709 337 1782 ποιητὴν
359 1705 421 1790 θρον
445 1706 540 1791 μέχρι
565 1711 643 1782 τίνος
666 1710 692 1774 οἱ
716 1711 840 1780 Κίλικες
866 1708 1022 1788 διέσεινον,
1048 1713 1124 1796 quie
1144 1712 1179 1778 id
1196 1714 1326 1798 reperiri

141 1819 252 1902 nequit

179 2025 259 2114 Peg.
295 2023 372 2090 613.
405 2025 478 2106 παρ’
511 2026 655 2118 Αἰολεῦσι
687 2022 720 2089 δὲ
748 2030 811 2094 τοῖς
841 2024 871 2086 ἐν
895 2023 990 2106 ’Aulo
1013 2024 1083 2101 μείς
1108 2049 1154 2098 τις
1180 2035 1326 2095 καλεῖται

139 2133 322 2214 Πορνοπθυν,
353 2129 429 2198 οὕτω
460 2133 530 2204 τοὺς
562 2129 721 2210 πάρνοπας
754 2130 927 2194 καλούντων
963 2137 1115 2209 Βοιωτῶν,
1148 2133 1201 2197 καὶ
1238 2133 1326 2200 θυσία

139 2245 333 2304 συντελεῖται
363 2241 578 2316 ΠορνοπθΩΝΙ
607 2237 793 2302 Ἀπόλλωνι.
826 2233 921 2302 Oerte
951 2236 1099 2325 analogia
1128 2239 1270 2324 postulet
1291 2245 1329 2306 ut

140 2347 305 2422 Ποινοτιών
348 2346 522 2422 eoribetur,
563 2349 601 2408 ut
641 2346 750 2409 omnia
782 2344 943 2408 mensium
978 2346 1108 2410 nomine
1141 2347 1175 2409 in
1211 2355 1328 2412 -ΙΩΝ

139 2457 284 2519 exeuntia
319 2450 487 2527 θξύνονται.
541 2449 689 2516 Postulat
723 2449 833 2516 eadem
870 2448 1018 2536 analogio
1051 2455 1088 2514 ut
1122 2451 1237 2536 Apollo
1266 2473 1329 2518 non

139 2560 305 2638 Horaericos
337 2558 392 2623 sed
423 2553 609 2635 Πιριθπιοο
636 2557 768 2622 dicetur.
816 2555 926 2640 Itaque
948 2553 1120 2643 legendum
1146 2560 1328 2636 ΠορνοπῖΩΙ

139 2666 321 2730 Ἀπόλλωνι.
370 2663 500 2748 Peperit
529 2683 666 2728 errorem
690 2664 833 2728 vicinum
857 2661 1034 2739 Πορνοπιών.
1081 2662 1248 2730 Praeterea
1269 2665 1329 2730 mi-

140 2769 260 2837 rificum
285 2777 335 2836 est
358 2772 393 2835 in
413 2768 576 2836 Strabonis
595 2769 702 2835 verbis
720 2768 790 2849 μείς
809 2791 856 2841 τις
876 2787 932 2852 pro
957 2767 1017 2846 μιῖν
1040 2792 1097 2840 τις.

181 2981 361 3048 Barbarum
385 2985 433 3047 est
456 2981 540 3067 quod
562 2979 685 3068 legitur
707 3000 779 3068 pag.
805 2978 881 3046 622.
907 2981 937 3044 θν
960 2987 1023 3052 τοῖς
1044 2977 1168 3059 ὄμβροιο
1194 2980 1250 3045 ὑπὸ
1267 2979 1327 3052 τοῖς

138 3089 213 3160 coele
247 3085 506 3153 ὑπελθετέον.
553 3085 653 3152 Nullo
684 3086 779 3152 modo
814 3107 853 3151 ex
887 3087 1028 3151 ὑπελθεῖν
1063 3087 1193 3152 formeri
1226 3091 1331 3172 potest

138 3193 329 3258 ὑπελθετὲιν.
377 3192 490 3258 Strabo
513 3193 648 3257 minime
671 3193 705 3256 in
729 3191 854 3256 dicendi
877 3213 939 3257 usu
959 3197 1007 3258 est
1025 3194 1180 3258 vitiorum
1201 3214 1330 3279 expers,

137 3323 231 3387 saepe
263 3299 446 3387 aequalium
476 3299 632 3374 συνήθειαν
663 3300 871 3383 quantumvis
901 3301 1053 3364 vitiosam
1077 3320 1205 3365 securus
1229 3301 1331 3384 sequi·

136 3415 211 3484 tur,
231 3413 269 3472 ut
288 3411 324 3472 in
343 3406 416 3471 aliis
436 3405 654 3480 ostendemus,
677 3403 732 3469 sed
750 3425 851 3489 neque
869 3407 937 3490 ipse
953 3425 1054 3490 noque
1066 3405 1149 3471 alius
1160 3407 1329 3491 quisquam

137 3515 275 3579 θλθετθον
300 3519 357 3579 aut
381 3510 561 3578 ὑπελθετθον
584 3512 787 3577 sustinuisset
812 3511 915 3578 dicere
938 3531 994 3596 pro
1017 3511 1094 3576 ἰτέον
1118 3518 1151 3577 et
1175 3513 1306 3578 ὑπισέον.

184 3723 322 3791 Suntne.
353 3744 427 3812 pag.
458 3721 534 3788 623.
558 3719 736 3788 σκώπτεται
759 3721 790 3786 δὲ
813 3720 867 3787 καὶ
892 3721 906 3784 θ
926 3723 1061 3801 Ἔφορος
1084 3719 1159 3786 διθτι
1184 3731 1330 3799 τοῖσπα-

137 3831 237 3910 τοθδος
266 3829 344 3912 ἔργα
375 3834 428 3896 οὐκ
459 3829 539 3912 ἔχων
563 3827 692 3909 Φοθζειν
715 3829 745 3892 ἒν
768 3837 807 3908 τῇ
832 3828 1020 3908 διαριθμήσει
1043 3834 1101 3893 τῶν
1125 3827 1230 3895 θλλιον
1254 3830 1332 3911 προθ-

140 3938 213 4016 ξεοιν
248 3940 281 4003 οθ
318 3937 379 4015 μὴν
413 3936 474 4002 οὐδ’
505 3933 582 4001 *AN
616 3933 846 4012 θμνιιμθνεντον
875 3936 972 4009 αὐτὴν
1003 3931 1080 3999 εἶναι
1113 3937 1204 4002 θθλινν
1237 3935 1331 4010 οὕτως

141 4046 307 4118 ε’τιΦιινεῖ·
334 4043 441 4122 „aare
464 4043 495 4108 δὲ
519 4041 570 4107 τὸν
593 4041 686 4105 αὐτὸν
709 4044 809 4120 καιρὸν
833 4049 966 4116 Κυμαῖοι
991 4041 1050 4114 τθις
1071 4042 1206 4120 ἡσυχίας
1230 4037 1332 4120 ἦγον.”

141 4150 287 4216 Editores
310 4151 385 4216 'AN
412 4147 613 4226 deleverunt,
639 4149 787 4234 pessime.
835 4147 913 4213 Erat
936 4150 1021 4214 enim
1044 4149 1079 4212 in
1102 4153 1207 4213 vetere
1231 4149 1330 4217 libro:

144 4265 322 4323 ΟΤΔΕΑΝ
354 4256 601 4332 ἀμνημόνευτον.
634 4256 743 4338 itaque
777 4253 951 4342 legendum
987 4251 1048 4318 οὐδ’
1085 4253 1154 4318 ἒῖιν
1190 4255 1330 4334 οὶμικμθ-

142 4387 241 4428 νεντον
261 4365 360 4439 αὐτὴν
380 4361 489 4436 θέλειν,
514 4367 670 4448 expuncto
694 4357 770 4425 eluar
782 4409 791 4438 ‚
816 4361 899 4446 quod
925 4360 963 4426 de
986 4379 1044 4424 suo
1067 4358 1190 4426 addidit
1214 4363 1331 4450 eliquia

143 4477 310 4556 postquam
332 4477 508 4534 ΟΤΔΕΑΝ
534 4471 567 4533 in
590 4467 651 4534 οὐδ’
673 4465 712 4532 θν
737 4466 944 4552 deprevatum
970 4469 1029 4530 est.
