3296 5104
876 343 919 411 48

307 535 400 599 ratae
430 553 555 617 parcere
586 531 694 611 iubet,
726 533 849 600 fortiter
878 555 1021 623 pugnare
1051 539 1150 598 et-
1174 532 1307 614 χρῆσθαι
1329 539 1519 610 ςρατκμοῖς

308 640 461 715 ἀμείνοσιν
502 639 519 714 ἢ
561 640 722 718 προτέροις.
779 639 938 706 Haeccine
980 641 1096 705 dixisse
1130 638 1378 704 Demosthenem
1413 637 1518 703 bello

307 745 445 823 indicto,
470 747 502 809 in
523 765 585 830 quo
604 745 643 810 de
662 744 765 811 salute
784 753 866 812 esset
886 727 1122 822 dimicandum,
1145 750 1261 830 quotus
1281 747 1413 830 quisquc
1433 766 1517 810 cre-

308 849 383 917 dat?
418 850 509 931 Quod
543 849 581 916 de
616 851 694 916 belli
728 851 862 918 ducibus
900 852 989 918 addit
1023 856 1133 918 movet
1166 853 1279 916 risum.
1326 849 1515 940 Habebant

307 979 408 1022 unum
442 958 563 1035 solum,
600 957 890 1042 praeclarissimum
926 960 1070 1024 omnium
1103 957 1247 1021 Φωκίωνα
1278 956 1329 1021 τὸν
1360 956 1509 1036 χρνςθν,

307 1064 362 1128 sed
392 1084 454 1129 non
483 1068 551 1128 crat
582 1062 716 1128 blandus
745 1069 777 1129 et
807 1063 931 1129 adulari
960 1063 1128 1130 nesciebat.
1175 1063 1355 1129 Utebantur
1388 1069 1511 1129 tamen

306 1172 375 1235 eius
404 1170 480 1236 forti
511 1175 542 1235 et
574 1169 661 1234 fideli
693 1190 803 1255 opera,
835 1176 867 1235 et
889 1171 948 1236 hoc
970 1173 1039 1256 ipso
1063 1175 1221 1255 tempore,
1245 1191 1307 1256 quo
1330 1170 1408 1235 haec
1431 1171 1509 1235 dici

305 1279 340 1340 in
364 1279 511 1342 concione
534 1274 716 1363 finguntur,
742 1297 816 1350 cum
839 1297 958 1365 magna
981 1276 1079 1360 classe
1102 1275 1293 1341 Perinthum
1318 1282 1351 1341 ct
1373 1275 1506 1363 Byzan-

306 1383 390 1447 tium
422 1403 461 1447 ex
490 1380 635 1467 Philippi
667 1383 816 1447 manibus
846 1385 965 1468 eripuit
988 1383 1111 1467 sibique
1135 1388 1167 1448 et
1190 1385 1310 1468 patriae
1333 1385 1504 1471 insignem

306 1485 444 1575 gloriam
468 1507 503 1552 ac
525 1485 655 1553 laudem
678 1490 809 1575 peperit.

352 1698 432 1786 Pag.
468 1697 543 1763 156.
574 1697 626 1765 27.
654 1701 741 1776 ἡμεῖς
766 1699 797 1764 δὲ
823 1697 904 1764 οὐδὲν
928 1704 1082 1770 ποιοῦντες
1106 1699 1210 1765 ἐνθάθε
1234 1700 1395 1778 καθήμεθα
1419 1699 1501 1778 μέλ·

306 1819 409 1874 λοντεο
438 1803 486 1866 ἀεὶ
512 1803 564 1868 καὶ
588 1803 793 1886 ψηφιζόμενοι
817 1805 869 1869 καὶ
894 1807 1109 1884 πυνθανόμενοι
1133 1805 1219 1870 κατόν
1243 1807 1297 1882 τὴν
1325 1805 1444 1886 ιἰμορόιν
1469 1807 1501 1871 ed

306 1934 336 1973 τι
371 1908 503 1988 λέγεται
534 1911 681 1990 νεώτερον.
713 1911 812 1976 καίτοι
844 1913 884 2002 τό
907 1912 1018 1991 γένοιτ’
1052 1911 1090 1976 όιν
1123 1913 1259 1992 νεώτερον
1292 1913 1308 1989 ἢ
1341 1913 1498 1979 Μακεδὼν

305 2015 379 2096 οὶνῖιρ
404 2021 603 2098 καταφρονῶν
626 2017 790 2090 Ἀθηναίων
811 2018 863 2082 καὶ
883 2025 1004 2096 τολμῶν
1025 2019 1171 2090 ἕπιςολθις
1194 2017 1329 2096 πέμπειν
1346 2018 1495 2091 τοιαύτας

307 2120 370 2194 οἵας
404 2121 554 2197 ἠκούσατε
585 2125 680 2204 μικρῷ
706 2124 855 2205 πρότερον.
902 2125 960 2190 Est
984 2128 1258 2211 operaepretium
1280 2125 1388 2191 videre
1410 2126 1497 2190 unde

305 2228 383 2293 haec
413 2231 568 2314 impostor
591 2233 864 2296 consarcinaverit.
911 2230 1140 2296 Demosthenes
1163 2233 1248 2296 enim
1272 2231 1396 2296 dixerat
1417 2251 1494 2318 pag.

306 2332 360 2400 24.
385 2333 439 2399 21.
464 2338 552 2410 ἀλλ’,
576 2331 680 2414 οἶμαι,
706 2335 866 2414 καθήμεθα
887 2337 968 2402 οὐδὲν
989 2342 1154 2410 ποιοῦντες.
1171 2374 1214 2385 -
1227 2339 1258 2400 οὐ
1279 2336 1313 2411 δὴ
1335 2335 1494 2414 θανμαςθν

306 2440 367 2509 ἕςιν
400 2443 425 2504 εἲ
453 2440 672 2522 ςρατειιόμενος
696 2441 748 2506 καὶ
773 2450 866 2508 πονῶν
890 2445 998 2513 ἐκεῖνος
1024 2443 1116 2514 αὐτὸς
1143 2480 1184 2491 -
1211 2445 1293 2520 ἡμῶν
1316 2440 1494 2521 μελλόντων

306 2546 357 2610 καὶ
388 2545 603 2628 ψηφιζομένων
635 2547 687 2612 καὶ
722 2549 946 2627 πυνθανομένων
977 2550 1203 2629 περιγίγνεται.
1228 2555 1260 2615 et
1283 2570 1355 2636 pag.
1381 2547 1435 2612 43.
1462 2545 1492 2613 7.

306 2653 322 2728 ἢ
356 2652 524 2729 βούλεσθε,
559 2653 626 2718 εἰπέ
658 2678 728 2732 μοι,
763 2656 925 2736 περιιόντες
959 2658 1057 2721 αὐτῶν
1088 2655 1286 2720 πυνθάνεσθαι
1316 2655 1414 2742 [κατὰ
1438 2655 1494 2728 τὴν

304 2759 422 2839 αγορὰν
453 2779 516 2824 om.
548 2759 571 2825 S
601 2781 686 2826 man.
716 2763 796 2847 pr.),
820 2761 953 2840 λέγεταί
975 2786 1004 2826 τι
1029 2759 1129 2825 καινόν
1138 2781 1146 2838 ;
1172 2760 1289 2839 γένοιτο
1314 2761 1376 2842 γὰρ
1401 2758 1439 2825 νἰν
1462 2785 1492 2825 τι

305 2865 473 2947 καινότερον
509 2865 525 2940 ἢ
557 2867 707 2932 Μακεδὼν
739 2870 811 2942 ανὴρ
835 2867 1011 2942 Ἀθηναίους
1037 2874 1266 2942 καταπολεμῶν
1289 2866 1340 2932 καὶ
1366 2867 1408 2932 τόν
1432 2873 1491 2932 τῶν

304 2974 458 3047 Ἑλλήνων
490 2973 618 3040 dicenda:
647 2973 696 3038 dix
719 2974 770 3038 his
793 2994 894 3037 unum
919 2973 1003 3058 apud
1026 2973 1191 3039 falsarium
1215 2974 1368 3038 mendum
1393 2977 1491 3040 eximi

304 3077 416 3143 debere
450 3080 585 3145 arbitror
619 3085 651 3145 et
684 3101 740 3165 pro
772 3081 909 3161 νεώτερον
941 3081 989 3145 bis
1021 3078 1190 3160 καινότερον
1220 3081 1360 3145 rescribi.
1406 3080 1491 3146 Nam

304 3187 375 3268 quis
409 3187 510 3250 nescit
545 3185 622 3272 quid
656 3188 739 3250 inter
773 3183 941 3265 καινότερον
976 3190 1008 3250 et
1043 3187 1197 3266 νεώτερον.
1235 3193 1424 3263 καινοτομεῖν
1459 3190 1491 3250 et

304 3289 483 3372 νεωτερίζειν
506 3288 654 3357 intersit?

348 3500 410 3568 Sed
433 3504 493 3569 hoc
515 3501 586 3568 leve
606 3504 725 3567 vitium
745 3508 793 3569 est
811 3524 886 3588 prae
904 3505 1091 3589 turpissimo
1111 3505 1244 3582 mendo,
1266 3525 1328 3590 quo
1346 3503 1490 3570 laborant

302 3611 409 3674 vicina
440 3610 537 3674 haec:
567 3609 619 3672 aad
651 3611 694 3689 τῷ
725 3611 781 3686 μὲν
815 3609 988 3690 ὑπάρχοντι
1021 3647 1062 3658 -
1087 3612 1146 3675 τῶν
1169 3613 1242 3689 παρ’
1267 3613 1339 3687 ἡμῖν
1363 3607 1488 3691 ῥητόρων

303 3716 379 3786 τινθο
406 3716 430 3780 οἱ
454 3715 513 3786 τθις
538 3717 612 3795 παρ’
637 3715 748 3781 ἐκείνου
772 3715 882 3796 θωρεόιο
907 3715 1010 3781 οἶκαδε
1043 3716 1282 3794 λαμβάνειν
1316 3715 1489 3796 νομίζον-

302 3845 368 3894 τες
392 3823 444 3886 οὐκ
469 3821 670 3902 αἰσχύνονται
697 3823 841 3904 Φιλίππῳ
866 3822 974 3904 ζῶντες
1001 3821 1061 3887 cot·
1085 3822 1280 3887 αἲσθθνονται
1307 3822 1412 3887 πιόντα
1436 3824 1487 3888 καὶ

302 3930 345 3994 τόν
376 3935 430 4002 τῆς
463 3927 580 4000 πόλεως
604 3929 656 3993 καὶ
681 3929 724 3994 τόν
748 3936 833 4011 σφῶν
858 3929 957 3993 αὐτῶν
982 3933 1089 4006 μικροῦ
1113 3931 1281 4005 λήμματος
1307 3932 1488 4000 πωλοῦντες.

303 4035 382 4114 Quis
404 4055 466 4098 non
488 4035 631 4100 haerebit
651 4037 685 4099 in
704 4035 882 4114 λαμβάνειν
895 4031 1099 4116 ’νομόζνντεςθ
1118 4034 1190 4100 Non
1210 4037 1295 4100 enim
1315 4035 1490 4120 proditores

301 4163 334 4206 se
359 4141 440 4206 dona
462 4143 600 4226 accipere
624 4143 850 4228 opinabantur,
872 4141 927 4206 sed
947 4144 1025 4206 satis
1044 4141 1194 4206 sciebant.
1231 4139 1342 4225 Itaque
1361 4146 1488 4207 exortus

302 4251 350 4314 est
373 4245 449 4311 olim
475 4254 646 4326 corrector,
672 4251 726 4334 qui
750 4249 899 4314 audacter
921 4247 1041 4312 nodum
1060 4246 1217 4311 dissecans
1236 4268 1292 4333 pro
1313 4247 1489 4324 λαμβθνενν

302 4351 469 4433 νομίζοντες
495 4353 662 4422 substituit
686 4352 926 4432 λαμβάνοντες,
951 4359 983 4418 et
1003 4356 1049 4418 sic
1068 4373 1151 4417 nuno
1171 4356 1206 4418 in
1226 4354 1339 4418 multis
1357 4352 1487 4440 legitur.

302 4457 393 4525 Nihil
424 4461 468 4524 sic
499 4457 699 4546 proficimus,
732 4458 786 4525 scd
818 4459 970 4526 elicienda
994 4465 1061 4525 erat
1083 4480 1159 4524 vera
1182 4461 1337 4546 scriptura
1359 4481 1398 4525 cx
1419 4458 1489 4524 ioco
