3356 5084
878 331 943 402 528

358 525 436 614 Peg.
476 525 552 592 616.
590 522 643 590 24.
681 524 733 590 καὶ
769 529 901 590 τοιαῦτα
937 526 990 591 κα1
1026 529 1165 592 τοιαῦτα
1200 525 1236 591 τὸ
1272 527 1385 602 πλῆθος
1417 523 1501 592 κακοὶ

312 631 506 713 εἰργασμένοι
540 634 583 704 eia
617 631 698 696 τοῦθ’
722 627 792 707 ἅμα
816 631 1015 705 ύναιτύηοίας
1040 630 1091 696 καὶ
1117 629 1235 709 τύλμης
1260 633 1504 713 προεληλύθασιν

311 737 369 806 ὥτε
392 740 563 816 μέμνηνται
588 738 702 802 τούτων
726 738 764 808 ὥς
789 742 892 808 καλῶς
917 738 1023 812 αὐτοῖς
1049 736 1235 818 διῳκημένων
1259 735 1328 802 o‘iad'
1347 741 1385 804 '0
1407 745 1503 804 ΜΕΝ

312 844 408 909 οἴεται
442 842 479 909 δι’
510 845 620 910 ἐκεῖνον
644 844 696 924 ὑφ’
726 845 807 920 ὑμῶν
832 842 1036 918 τωύύοεούαι,
1062 846 1099 908 '0
1127 853 1183 908 ΔΕ
1205 842 1425 924 παρακάθηται
1449 843 1502 908 καὶ

311 953 343 1016 ού
369 949 560 1016 καταδύεται
585 958 646 1023 τοῖς
672 949 914 1031 πεπραγμένοις.
964 947 1126 1015 Dobraeua
1150 952 1304 1035 expunxit
1326 947 1503 1019 sorbariae

311 1055 484 1134 μέμνηνται
502 1093 547 1106 ·-
564 1055 759 1137 διῳκημένων.
814 1054 924 1141 Inepte
955 1056 1128 1139 repetitum
1159 1053 1216 1123 ύςε
1235 1093 1277 1104 -
1295 1053 1365 1121 ὥσθ’
1398 1057 1412 1120 d
1443 1055 1502 1134 μέν

311 1167 433 1228 eertum
466 1162 661 1248 corruptelae
690 1163 846 1226 indicium
880 1165 938 1226 est.
996 1159 1058 1226 Sed
1091 1162 1196 1227 multo
1229 1163 1359 1248 gravior
1392 1162 1503 1230 subest

310 1267 408 1334 labes.
456 1268 503 1335 De
536 1267 652 1354 quibus
685 1265 812 1334 tandem
843 1265 987 1351 loquitur
1018 1287 1118 1350 quum
1142 1267 1221 1333 dicit
1243 1267 1257 1332 1
1279 1267 1396 1346 μέν-
1416 1270 1430 1333 1
1451 1266 1503 1333 bii

310 1373 348 1438 In
377 1376 419 1439 iia
450 1374 600 1439 omnibus
622 1393 702 1458 quae
725 1372 917 1458 praecedunt
941 1372 1026 1438 66166
1048 1371 1224 1438 Androtion
1247 1375 1449 1461 exagitatur,·
1469 1380 1502 1440 et

310 1481 345 1543 in
375 1482 415 1544 iis
448 1497 528 1565 quae
555 1481 704 1545 continno
728 1483 903 1564 sequuntur
929 1476 1020 1566 (616.
1045 1477 1113 1563 29.)
1138 1475 1214 1544 οὕτω
1239 1477 1500 1557 soanensis

310 1585 465 1666 χρήματα
489 1585 635 1652 ο1ναιδ116
659 1585 747 1650 ἀλλὰ
771 1583 823 1649 καὶ
849 1593 981 1649 οκαιΟΟ
1005 1585 1050 1653 έςι
1073 1585 1138 1650 κτὲ.
1162 1584 1201 1650 de
1220 1583 1286 1651 solo
1306 1586 1500 1652 Androtione

309 1712 414 1758 sermo
433 1695 490 1757 est.
525 1691 617 1757 Unde
635 1693 738 1779 igitur
756 1693 942 1776 necopinato
955 1691 1029 1757 inde
1040 1712 1058 1758 a
1070 1712 1144 1780 pag.
1158 1690 1233 1758 616.
1248 1690 1343 1758 18-
1354 1688 1430 1758 616.
1444 1690 1500 1757 29.

310 1799 384 1862 daos
406 1797 589 1864 insimulat:
614 1799 668 1873 aba
691 1798 748 1875 μέν
773 1797 835 1862 θεὸν
859 1796 928 1869 τοὺς
953 1795 1106 1879 saddesor
1131 1797 1340 1877 οεονλνὶκατι,
1364 1805 1420 1872 τῆς
1446 1796 1499 1862 τύ·

310 1920 387 1977 λεως
420 1903 450 1969 δέ
476 1905 527 1969 τὸν
551 1902 640 1983 ζῆλον
664 1903 851 1986 ἠφανίκασι,
876 1903 944 1975 τοὺς
971 1901 997 1968 δ’
1020 1903 1189 1976 ἀναθέντας
1213 1901 1305 1980 δόξαν
1328 1905 1361 1969 ού
1385 1904 1501 1984 μικρὰν

312 2007 509 2095 ύΦηρηνταιῗ
540 2014 571 2076 61
602 2010 708 2076 addit:
741 2033 773 2076 eo
800 2010 929 2094 strtpora'a
951 2015 979 2074 61
1001 2010 1147 2074 audaciae
1162 2017 1371 2094 promserunt
1393 2007 1500 2075 cisat

311 2117 367 2197 μὲν
392 2115 487 2182 οἴεται
512 2115 548 2181 δι’
571 2117 680 2181 ἐκεῖνον
704 2115 907 2192 audiaantur,
932 2116 946 2179 d
971 2114 1002 2180 δὲ
1025 2115 1243 2197 παρακάθηται
1268 2117 1320 2181 καὶ
1345 2117 1377 2181 ού
1400 2139 1500 2180 κατα-

310 2222 416 2290 δύεται
439 2232 502 2295 τοῖς
527 2219 779 2303 τετραγμένοις1
821 2221 944 2288 Dicam.
989 2221 1218 2288 Demosthenes
1239 2242 1300 2287 non
1324 2224 1372 2287 its
1394 2218 1499 2287 multo

310 2335 383 2416 post
406 2351 502 2415 qnam
525 2333 691 2415 scripserat
715 2330 889 2394 orationem
909 2325 983 2393 κατ’
1005 2327 1209 2410 Ἀνδροτίωνος
1230 2328 1363 2395 alteram
1386 2331 1498 2394 oratio

308 2456 382 2502 nem
415 2437 592 2522 composuit
622 2435 707 2500 sarai
738 2433 969 2514 Τιμοκράτους,
1006 2438 1062 2520 qui
1094 2457 1158 2502 una
1192 2456 1265 2501 eum
1303 2433 1498 2500 Androtione

308 2541 414 2607 muita
443 2541 589 2626 improba
618 2541 757 2606 facinora
787 2546 818 2606 et
844 2539 968 2628 flagitia
991 2543 1203 2607 commiserat.
1249 2541 1361 2626 Itaque
1385 2539 1498 2606 Orator

308 2668 389 2734 quae
406 2647 495 2732 prius
514 2649 548 2711 in
567 2648 761 2714 Androtione
780 2647 846 2713 solo
868 2649 1041 2733 asperrime
1061 2650 1279 2736 exagitaverat
1290 2647 1401 2714 eadem
1414 2667 1497 2713 nuno

307 2757 435 2839 utrique
465 2754 667 2839 exprobravit
696 2759 728 2820 61
758 2757 793 2818 in
825 2774 862 2819 ea
885 2761 974 2838 parte
998 2756 1206 2820 aoeuaationis
1230 2753 1340 2819 eodem
1365 2756 1499 2818 erimina

306 2859 423 2926 iisdem
445 2879 542 2945 prope
560 2861 681 2938 verbis,
707 2860 823 2946 quibua
848 2865 941 2925 antea
963 2880 1041 2925 usus
1063 2860 1183 2937 fuerat,
1207 2861 1362 2944 exposuit.
1411 2858 1497 2938 Quae

307 2965 460 3052 leguntur
478 2967 513 3030 in
535 2967 718 3030 1166666166
737 2986 811 3053 pag.
836 2963 911 3032 750.
934 2965 963 3030 3.
986 2965 1038 3030 καὶ
1060 2972 1174 3046 πρῶτον
1193 2965 1250 3043 μέν
1267 2966 1318 3046 ἐφ’
1332 2959 1353 3044 ᾧ
1367 2963 1495 3043 μέγιτον

308 3076 413 3153 Φρονεῖ
433 3072 497 3135 κτὲ.
522 3092 622 3157 usque
642 3072 682 3137 ad
700 3092 772 3159 pag.
800 3069 875 3138 758.
899 3070 951 3136 21.
975 3109 1016 3120 -
1035 3071 1213 3150 ἡγνευκέναι
1233 3069 1372 3136 τοιαύταν
1392 3072 1497 3146 έτιτη-

308 3173 470 3252 tesauros
498 3172 546 3242 οἷα
570 3176 667 3258 τούτῳ
690 3177 867 3256 βεβίωται,
892 3198 929 3243 66
951 3177 1015 3243 fere
1038 3181 1146 3243 omnia
1168 3178 1370 3263 paucissimis
1393 3181 1496 3242 muto·

308 3286 350 3350 tis
381 3286 413 3347 et
435 3282 530 3348 modo
554 3285 679 3350 omissis
702 3283 797 3349 modo
822 3282 939 3348 additis
963 3281 1125 3348 nonnullis
1148 3282 1301 3370 leguntur
1323 3269 1359 3347 in
1380 3285 1498 3348 Ακατο-

307 3390 407 3455 116666
430 3408 448 3454 u
470 3409 543 3476 pag.
569 3387 645 3456 607.
670 3387 724 3454 25.
749 3391 801 3454 καὶ
827 3395 941 3468 πρῶτον
965 3389 1021 3468 μέν
1047 3389 1098 3469 ἐφ’
1117 3383 1138 3469 ᾧ
1159 3388 1288 3466 μέγιςον
1308 3393 1414 3470 φρονεῖ
1431 3389 1496 3454 κτὲ.

307 3515 407 3582 usque
439 3493 478 3558 ad
509 3492 603 3559 finam
635 3516 708 3582 pag.
733 3494 807 3560 618.
837 3493 887 3559 10.
910 3533 951 3544 -—
974 3493 1152 3574 ἡγνευκέναι
1176 3493 1315 3559 τοιούτων
1339 3496 1496 3570 ἐπιτηδεο-

308 3602 416 3682 μο1των
439 3594 487 3666 οἷα
512 3602 607 3682 τούτῳ
632 3601 796 3680 βεβέωται.

353 3706 583 3773 Demosthenes
607 3713 715 3774 autem
739 3709 796 3773 ubi
820 3709 924 3794 eoepit
947 3707 1056 3774 eodem
1077 3727 1157 3792 quaa
1178 3711 1270 3772 antea
1289 3709 1355 3772 iam
1374 3707 1497 3773 dixerat

307 3812 423 3879 iisdem
461 3832 557 3898 prope
596 3813 700 3878 verbis
738 3817 882 3890 iterare,¹
901 3813 978 3879 haee
1011 3815 1190 3899 praemittit
1224 3833 1295 3900 pag.
1330 3811 1408 3878 749.
1443 3811 1496 3879 28.

305 3916 384 3995 λέξω
409 3917 434 3982 δ’
460 3918 543 3984 οὐδὲν
566 3915 603 3984 ὦν
628 3918 774 3993 οὶκηκύαύ
800 3921 906 4005 ὑμεῖς,
934 3929 972 3984 ΕΙ
996 3927 1061 3984 ΜΗ
1086 3942 1164 3992 τινες
1188 3917 1248 3999 ἄρα
1274 3918 1324 3983 ἐπὶ
1352 3917 1428 4006 (leg.
1454 3919 1494 4005 έν)

304 4034 367 4099 τοῖς
399 4025 573 4103 Εὐκτήμονι
605 4025 799 4105 γιγνομένοις
830 4028 931 4104 sysoi
961 4033 1113 4107 παρῆσαν.
1161 4023 1327 4091 Habemus
1350 4023 1497 4090 confiten-

305 4135 372 4197 tem
396 4151 505 4216 reum,
528 4151 603 4196 nam
626 4131 756 4217 perinde
775 4137 823 4197 est
845 4152 880 4198 66
901 4133 928 4198 si
953 4131 1102 4197 dixisset:
1127 4131 1223 4194 dicam
1247 4133 1346 4196 eadam
1367 4130 1497 4217 666616

306 4259 396 4300 cama
414 4236 600 4301 saumana
621 4238 668 4322 (id
690 4242 737 4303 661
758 4239 829 4303 κατ’
850 4235 1057 4318 Ἀνδροτίωνος
1078 4257 1151 4324 pag.
1177 4235 1253 4301 593.
1280 4236 1311 4324 1)
1332 4245 1403 4303 6616
1421 4236 1497 4301 disi.

351 4339 385 4406 61
418 4343 485 4406 aine
515 4342 627 4408 frande
659 4348 715 4409 aut
740 4343 919 4410 confusione
944 4344 1053 4410 eadem
1078 4343 1128 4407 bis
1152 4345 1269 4428 saripta
1291 4343 1496 4418 haberemus,

306 4448 475 4539 egregium
507 4447 545 4514 ad
577 4448 835 4516 constituendum
866 4453 992 4516 textum
1015 4449 1241 4516 Demosthenis
1264 4449 1442 4517 subsidium
1466 4455 1496 4516 ot
