3296 5104
868 287 911 358 56

529 479 626 562 κάρυξ
649 481 746 560 έγέον,
771 476 791 544 ὦ
815 478 955 561 κυρσάνιε
965 479 976 558 ‚'
997 480 1047 547 ναὶ
1070 482 1112 546 τά
1136 481 1205 560 σιιέ,

529 586 638 664 ἐμολον
659 588 722 652 άπὸ
745 587 896 668 Σπάρτας
920 587 986 667 περὶ
1010 595 1101 652 TAN
1126 587 1318 663 διαλλαγάν.

346 695 419 762 Non
447 691 562 760 definio
594 696 676 759 sitne
699 694 880 770 διαλλαγάν
903 695 970 773 πέρι
994 714 1035 759 an
1058 694 1131 774 ὑπὲρ
1155 695 1338 769 διαλλαγᾶν
1361 711 1402 756 an
1437 688 1542 756 aliu.

302 801 397 867 modo
427 799 647 878 scribendum,
671 799 727 864 sed
748 805 872 865 certum
895 804 944 865 est
966 799 1033 879 rapi
1058 803 1117 864 τάν
1140 800 1322 876 διαλλαγᾶν
1345 818 1427 862 cnm
1459 797 1523 860 rei

301 913 416 974 natura
437 924 590 992 pugnare.
637 903 754 970 Nostro
775 904 871 970 redde
894 904 1076 982 διαλέγεσθε
1100 906 1167 987 περὶ
1191 905 1382 985 ἐπιμαχίας.

344 1115 535 1182 Personatus
553 1115 724 1202 Philippus
743 1118 933 1183 criminatur
951 1117 1160 1185 Athenienses
1181 1116 1266 1203 quod
1285 1114 1515 1182 amaicribus

301 1222 559 1310 degenerassent,
591 1225 742 1307 qnoniam
773 1243 882 1310 regem
912 1222 1085 1289 Persarum
1107 1225 1142 1288 in
1165 1220 1334 1289 Graeciam
1357 1220 1514 1287 adduce-

302 1336 391 1395 rent:
425 1330 450 1394 oi
482 1327 614 1407 πατέρες
639 1327 740 1406 ὑμῶν,
765 1327 1247 1413 1ηςιιέἐ,τοῖςΠεισιτρατι’δαις
1272 1328 1427 1406 ἐπετίμων
1458 1329 1510 1400 ὥς

303 1436 454 1514 ἐπάγουσι
478 1433 530 1498 τὸν
552 1432 669 1514 Πέρσην
693 1433 744 1499 ἐπὶ
768 1433 838 1505 τοὺς
860 1431 1041 1512 Ἕλληνας,
1068 1433 1155 1512 ὑμεῖς
1179 1433 1207 1500 δ’
1230 1436 1284 1501 οὐκ
1304 1433 1508 1514 αέσχύνεσθε

303 1546 410 1608 ταῦτα
434 1545 588 1612 ποιοῦντες
612 1531 634 1605 ά
657 1539 824 1606 διετελεῖτε
847 1549 911 1612 τοῖς
934 1540 1086 1620 τυράννοις
1106 1543 1328 1618 ἐγκαλοῦντες.
1375 1536 1505 1606 Suavi-

304 1656 370 1725 ter,
402 1648 512 1725 credo,
537 1646 677 1712 adhaec
701 1645 910 1712 Athenienses
934 1649 1111 1713 arrisissent
1133 1648 1244 1712 mirati
1265 1646 1407 1712 hominis
1429 1649 1505 1710 eto-

302 1754 465 1820 liditatem
486 1751 535 1817 nil
556 1753 706 1817 interesse
727 1754 872 1838 putantis
893 1755 977 1818 inter
1000 1753 1215 1819 Pisistratidas
1237 1754 1358 1838 patriae
1386 1750 1503 1836 prodi·

303 1865 387 1926 tores
417 1857 486 1931 τοὺς
518 1855 697 1935 ἐπάγοντας
729 1859 780 1922 τὸν
801 1859 916 1939 Πέρσνν
942 1858 992 1924 ἐπὶ
1017 1860 1088 1932 τοὺς
1110 1857 1269 1933 Ἕλληνας
1293 1857 1343 1922 ἐπὶ
1368 1855 1487 1941 δουλεέ,

304 1971 338 2032 et
365 1980 432 2030 aeae
462 1963 640 2042 ἐπάγονται
670 1964 812 2048 βασιλέα
841 1966 891 2028 ἐπὶ
925 1966 1057 2049 recepta
1088 1967 1138 2031 ἐπὶ
1169 1965 1221 2032 τὸν
1251 1971 1306 2038 τῆς
1338 1963 1499 2035 Ἑλλάδος

304 2072 468 2149 ἀλιτήριον.
514 2069 673 2136 Haeccine
696 2091 713 2136 a
735 2068 888 2156 Philippo
911 2069 1034 2137 bellum
1056 2072 1216 2138 indicente
1236 2071 1332 2138 scribi
1350 2071 1498 2155 potuisse

305 2175 425 2246 rideri!

348 2389 429 2480 Peg.
463 2387 539 2454 161.
572 2387 603 2453 3.
629 2388 681 2454 καὶ
707 2386 865 2454 Σιτάλκου
890 2389 947 2465 μέν
969 2388 1195 2468 άποέανέντος,
1220 2383 1242 2470 ᾦ
1264 2388 1412 2468 μετέδοτε
1435 2395 1495 2463 τῆς

303 2496 484 2571 πολιτείας,
518 2496 604 2565 εὐθὺς
628 2494 811 2568 ποιήσασθαι
837 2495 909 2575 πρὸς
932 2495 983 2560 τὸν
1008 2496 1237 2562 άποιιτεέναντα
1261 2495 1393 2577 φιλέαν,
1417 2495 1494 2576 ὑπὲρ

304 2603 335 2669 δέ
370 2600 603 2683 Κερσοβλέπτου
633 2601 769 2680 πόλεμον
799 2602 948 2682 αἱρεῖσθαι
980 2601 1052 2680 πρὸς
1085 2604 1179 2680 ἦμάρ.
1225 2601 1274 2668 De
1300 2602 1495 2689 gravissimo

304 2729 424 2787 errore,
452 2728 515 2794 quo
539 2708 697 2780 Σιτάλκης
720 2712 753 2773 et
776 2706 872 2779 Κέτνς
896 2707 1148 2787 confunduntur,
1173 2708 1281 2774 omnia
1303 2710 1494 2794 interpretes

304 2817 425 2901 optime
457 2817 678 2900 exposuerunt.
727 2811 790 2894 Qui
819 2811 1011 2900 Philippum
1033 2815 1140 2899 ipsum
1164 2814 1297 2880 credunt
1320 2817 1365 2881 sic
1388 2834 1493 2881 errare

302 2923 461 3007 potuisse,
487 2939 551 2984 non
574 2919 667 2985 facile
691 2919 866 3005 quidquam
890 2918 1077 2985 incredibile
1101 2941 1166 2986 esee
1190 2921 1359 3006 putabunt.

348 3025 536 3114 Legendnm
572 3045 638 3091 esse
672 3022 805 3106 άρασέαι
840 3046 897 3111 pro
933 3025 1082 3105 eiceretur
1114 3026 1281 3091 admonuit
1311 3025 1491 3106 Dobraeus,

304 3133 358 3199 sed
389 3132 534 3198 Editcres
565 3151 629 3196 non
652 3130 798 3197 audiunt.
845 3131 903 3195 Est
924 3135 1033 3196 tamen
1054 3152 1104 3197 res
1128 3133 1321 3212 certissima;
1345 3133 1493 3218 ιιιιοὶροοο

303 3239 411 3305 bellem
434 3235 555 3304 Graece
579 3237 698 3302 dieitur
724 3242 781 3302 aut
804 3235 941 3318 αἴρεσθαι
965 3235 1100 3315 πόλεμον
1125 3238 1392 3317 antevertentes
1417 3243 1492 3323 (non

224 3409 225 3412 ,
305 3344 489 3428 αἱρεῖσθαι),
513 3343 567 3408 aed
587 3345 663 3428 quia
681 3343 829 3424 αἱρεῖσθαι
847 3348 880 3408 et
899 3341 1034 3423 αἴρεσθαι
1055 3342 1201 3432 11111118
1219 3343 1370 3409 confundi
1390 3343 1492 3411 solent

305 3449 573 3516 circumferuntur
596 3450 780 3524 etiamnunc
802 3448 972 3514 manifesto
990 3449 1159 3516 mendosae
1178 3448 1346 3528 lectiones,
1367 3456 1405 3516 ut
1422 3451 1455 3516 h.
1466 3449 1489 3516 l.

302 3555 393 3622 Idem
422 3555 542 3622 vitium
574 3556 708 3619 recurrit
730 3575 805 3642 pag.
833 3551 907 3619 178.
932 3553 986 3619 25.
1010 3554 1067 3620 nbi
1090 3557 1124 3620 in
1147 3552 1171 3620 S
1193 3555 1331 3643 legitur:
1354 3553 1490 3635 τέλεμον

303 3661 376 3741 πρὸς
400 3661 494 3725 αὐτὸν
518 3660 684 3738 αέρεέσέαι,
709 3662 742 3724 in
763 3662 896 3726 caeteris
914 3661 1091 3726 rectissime
1111 3657 1255 3741 άρασέαι.
1285 3659 1490 3744 Ἀναιρεέσέαι

303 3769 355 3834 τὸν
387 3767 522 3843 πόλεμον
549 3764 671 3853 legitur
692 3785 766 3854 pag.
793 3764 845 3830 11.
871 3764 902 3830 2.
926 3764 1081 3831 άνεέλοντο
1104 3767 1156 3831 τὸν
1180 3764 1336 3848 πόλεμον,
1361 3774 1394 3834 at
1416 3789 1488 3856 pag.

304 3871 379 3939 180.
404 3870 458 3937 21.
483 3871 535 3935 τὸν
560 3869 695 3950 πόλεμον
719 3871 893 3938 άνελέσέαι.
931 3869 979 3937 Of.
1011 3871 1082 3938 Ver.
1106 3873 1200 3938 heca.
1225 3893 1299 3962 pag.
1325 3871 1401 3938 212.

347 4084 428 4171 Pag.
455 4082 530 4148 161.
553 4081 608 4148 24.
629 4089 696 4156 ,πῶς
721 4085 774 4150 οὖν
798 4083 835 4149 άν
861 4082 922 4160 εἴην
946 4085 1069 4150 πάντων
1090 4081 1292 4165 Φαυλέτατος
1311 4085 1337 4150 εἰ
1358 4101 1490 4152 καταλι·

303 4191 367 4256 πιδν
396 4191 466 4261 τοὺς
498 4188 688 4270 συμμάχους
720 4195 844 4267 μάλλον
876 4191 957 4268 ὑμῶν
988 4187 1177 4271 Φροντέζοιμι
1211 4195 1269 4256 τῶν
1300 4189 1406 4257 πάντα
1437 4215 1488 4270 μοι

301 4295 410 4379 τρέπου
445 4296 649 4378 ἐνοχλούντων
689 4293 721 4384 [ἢ
754 4302 812 4360 τῶν
842 4295 984 4375 βεβαίως
1016 4319 1067 4374 μοι
1098 4297 1199 4378 φίλοιν
1230 4297 1279 4363 άεὶ
1310 4296 1488 4387 μενέντιον].

300 4403 410 4494 Inepte
441 4408 473 4468 et
502 4402 601 4470 stulta
632 4402 682 4468 bis
713 4402 801 4467 idem
832 4402 966 4481 dicitur;
990 4401 1045 4468 sed
1067 4404 1156 4487 prius
1179 4423 1304 4470 necesse
1327 4409 1375 4470 est
1396 4409 1489 4472 vetus
