3348 5086
891 359 957 428 420

330 555 417 622 bent.
463 551 605 619 Homero
634 551 831 619 reddendum
863 557 912 619 est
941 552 1169 631 ἒμπίΜπληύι,
1196 553 1235 616 ut
1255 549 1465 638 Aristophani
1488 551 1524 615 in

329 661 442 727 Aridus
466 657 555 726 1310
576 657 739 724 redditum
763 663 828 724 est:

466 764 611 838 καὶτοὺς
637 763 776 846 κοφίνους
800 761 948 838 ἀπανπας
974 763 1156 842 ε’μπίΜπλη
1181 769 1308 844 πτερῶν.

331 873 389 939 ubi
411 873 579 940 Ravennae
604 870 642 936 de
664 891 753 938 more
776 871 905 938 exhibet
928 870 1084 950 ἐμπίπλη.

376 1082 470 1149 Ilisd.
495 1092 532 1151 Φ.
553 1081 630 1150 346.

557 1193 596 1263 ύς
623 1187 649 1253 δ’
673 1185 720 1254 ἀπ’
745 1188 882 1270 ὀπωρινὸς
907 1188 1014 1270 Βορέης
1037 1188 1167 1270 νεοαρδέ’
1192 1188 1295 1270 ἀλιρύν

560 1292 630 1374 αἶψ’
654 1293 823 1378 ἀγξηράνη.

377 1399 528 1468 Scholion
568 1403 600 1466 in
643 1400 681 1468 V.
727 1399 934 1484 Ἀριςσφάνης
966 1402 997 1467 δὲ
1033 1400 1195 1485 γράφεσαι
1233 1398 1397 1486 (γράΦει)·
1432 1396 1522 1482 αἶψ’

335 1504 574 1583 ἔξεναίνειν.
629 1508 960 1592 Scripsisse·ridetur
992 1506 1132 1590 ἑξαοηνη.
1177 1504 1277 1574 Vetus
1311 1505 1455 1573 Ionicum
1489 1511 1524 1573 et

333 1613 480 1679 Atticum
501 1613 636 1680 verbum
659 1616 707 1680 est
730 1611 910 1690 ἐξαναίνειν.

377 1821 467 1891 llisd.
494 1835 531 1890 X.
556 1823 633 1890 450.
658 1846 742 1891 nunc
765 1827 942 1892 rectissime
965 1824 1104 1914 legitur:

468 1931 575 2009 dedus,
600 1931 658 1998 δύο
681 1955 733 2010 μοι
757 1927 877 1996 ἕπεσύε.
902 1930 967 1997 ribo
992 1930 1062 1997 πίνα
1086 1929 1179 2013 ιέργα
1204 1929 1363 1996 τέτυκται.

333 2035 387 2102 sed
410 2039 444 2101 in
467 2036 559 2102 libris
582 2039 731 2104 omnibus
754 2043 819 2103 est:

469 2141 577 2222 deire,
603 2143 661 2210 δύω
684 2168 736 2222 μοι
759 2141 925 2210 ἕπεσύΟΝ.
952 2145 1051 2211 ίδιοΜ’
1075 2140 1145 2209 ὅτιν’
1168 2141 1248 2224 ἔργα
1270 2167 1300 2210 π.

334 2249 565 2315 observandum
588 2269 713 2336 semper
737 2250 909 2338 diligenter
932 2256 980 2316 est
1003 2272 1065 2337 qno
1088 2256 1181 2337 pecto
1203 2251 1303 2316 rimus
1321 2254 1378 2316 eut
1398 2248 1523 2336 explere

334 2357 391 2419 sut
419 2355 577 2422 occidtere
606 2363 729 2422 veteres
751 2356 871 2422 fuerint
895 2356 1000 2441 soliti,
1023 2359 1099 2443 quie
1118 2357 1229 2423 eedem
1253 2377 1347 2442 opere
1370 2356 1523 2421 discimus

296 2501 310 2528 .
334 2461 500 2546 antiquom
524 2463 694 2528 veritatem
717 2463 854 2549 reperire
878 2469 910 2528 ot
933 2483 1114 2551 agnoscere.

376 2668 469 2734 Iliad.
492 2680 534 2735 Ψ.
558 2667 634 2735 616.

469 2777 643 2859 ἀμφίύεπος
667 2774 788 2859 Φιάλη,
812 2779 868 2855 πίην
891 2777 1000 2860 Νέςορι
1025 2778 1117 2844 δῶκεν
1140 2777 1314 2858 Ἀχιλλεύς

342 2947 348 2954 ,
469 2883 616 2962 Ἀργείων
640 2883 686 2948 ἀν’
708 2885 817 2962 ἀγῶνα
842 2883 942 2966 Φέρων
965 2886 1017 2951 καὶ
1041 2893 1124 2951 εεῖπε
1149 2885 1314 2977 παραςάς.

280 2999 284 3007 ’
377 2987 505 3054 Fractos
538 2994 570 3054 et
599 2988 742 3056 elumbes
768 3011 918 3058 numeros
949 2990 1069 3058 reficies
1096 2996 1129 3057 et
1156 2993 1260 3080 eriges
1283 2990 1447 3058 scribendo
1470 2991 1524 3056 καί

329 3094 454 3159 ”erem
477 3093 635 3175 παρασάς.

378 3301 439 3370 Ter
470 3305 621 3370 vitiosam
642 3307 782 3371 nominis
805 3307 943 3372 formem
966 3305 1129 3373 Hnstnthii
1152 3307 1242 3373 iutih
1264 3309 1448 3374 testimonio
1472 3307 1528 3374 de-

332 3415 442 3496 eeptus
464 3412 498 3475 in
522 3416 649 3476 textum
672 3410 885 3478 Homericum
908 3413 1073 3480 Behherus
1096 3416 1237 3498 invexit,
1262 3413 1351 3481 Ilied.
1378 3425 1421 3480 Ψ.
1447 3413 1526 3493 701,

537 3518 626 3592 ύῆκεν
650 3514 750 3582 ἀεύλα
772 3555 815 3568 -
839 3519 1095 3598 παλαισμοσύνης
1119 3522 1297 3598 ἀλεγεινῆς.

378 3625 405 3689 t.
431 3620 507 3687 10³.

535 3723 599 3805 πύξ
622 3754 658 3794 τε
681 3730 923 3813 παλαισμοσύνης
946 3754 992 3797 πε.

378 3838 405 3902 ί.
430 3833 508 3902 126.

537 3940 794 4020 παλαισμοσύνης
819 3943 995 4021 ἀλεγεινῆς.

377 4047 543 4115 Bekkerus
573 4047 811 4126 παλαιμοσύνης
844 4053 876 4114 et
906 4046 1126 4131 παλαιμοσύνης
1156 4049 1324 4114 substituit
1353 4047 1523 4116 Eustnthio

332 4156 461 4222 eredens
482 4159 605 4221 veteres
628 4156 675 4220 its
698 4154 815 4220 dixisse
837 4160 946 4221 contre
965 4161 1084 4221 certem
1104 4154 1286 4242 analogiam
1307 4157 1341 4220 in
1361 4156 1503 4231 παλαιςύ

335 4260 508 4339 πάλαισμα
532 4262 744 4347 conspicuam.
792 4259 890 4326 Recte
912 4263 1015 4349 igitur
1036 4261 1236 4348 Hesychius:

674 4365 1020 4445 Παλαισμσσύνητ
1045 4367 1144 4443 πάλη.

333 4475 428 4560 idque
450 4471 592 4540 Homero
615 4471 822 4540 reddendum.
