3356 5086
892 335 956 408 332

325 537 360 599 in
390 533 526 600 Praelat.
558 555 590 619 p.
620 530 705 598 LXI.
739 536 917 615 „serperet
947 531 1112 596 Zenodctue
1145 529 1221 603 Ζεὺς
1254 529 1357 613 σφέοις
1381 530 1516 597 σισοέσέει

326 638 505 716 ἱκεσήσνος.”
540 638 625 724 quod
660 659 716 704 cur
751 658 865 704 verum
900 657 966 702 esse
1001 657 1065 702 non
1093 637 1193 722 possit
1224 639 1367 723 primum
1400 639 1517 704 dicam.

326 745 461 835 Legitur
483 747 518 810 in
540 743 668 810 Scholia
692 743 732 810 ad
753 742 844 809 Iliad.
870 751 906 808 r.
933 741 1010 808 280.

735 851 822 927 ὑμεῖς
846 847 991 930 μάρτυροι
1017 847 1077 917 irs.

328 957 396 1036 έςε,
427 959 549 1042 inquit,
581 957 791 1040 imperativus
821 960 887 1020 est:
919 955 1025 1020 πολλοὶ
1056 953 1101 1024 έςι
1133 957 1346 1036 σροσσοοιισιιοσὶ
1378 958 1417 1030 ὣς
1445 958 1518 1039 πρὸς

327 1065 396 1137 τοὺς
422 1062 515 1136 θεοὺς.

510 1173 570 1234 Ζεῦ
594 1167 707 1248 uoluae,
732 1168 820 1233 οὶλλοὶ
844 1168 882 1232 σὺ
907 1171 996 1250 ῥῦσοοι
1011 1206 1053 1218 -

514 1275 634 1350 uolucri
658 1273 683 1338 δ’
709 1273 828 1355 αἴθρην,
856 1273 903 1348 δὸς
929 1275 954 1339 δ’
978 1275 1183 1358 ὀφθαλμοῖσιν
1207 1273 1331 1340 laterae.

329 1382 442 1449 addere
464 1385 588 1468 poterat
610 1379 695 1467 quod
718 1383 868 1445 continuo
891 1383 1053 1466 sequitur:

367 1480 374 1499 ¹
599 1488 629 1550 ἒν
652 1487 683 1551 δὲ
708 1486 784 1568 Φοὶει
809 1487 862 1551 καὶ
886 1486 1021 1552 ὄλεσσον.
1049 1487 1096 1573 (Ρ.
1122 1485 1214 1570 645.)

374 1593 436 1660 sed
460 1616 499 1660 ex
520 1594 580 1659 hac
604 1593 821 1660 observatione
844 1615 906 1660 non
929 1593 1070 1658 multum
1096 1593 1259 1658 discimus.
1305 1591 1427 1657 Utilius
1448 1598 1519 1658 crat

328 1701 496 1767 admonere
514 1703 548 1764 in
568 1702 707 1765 oratione
728 1700 767 1765 ad
786 1699 868 1765 Deos
887 1701 1116 1786 imperativum
1136 1703 1225 1784 poni,
1248 1699 1355 1764 sedin
1375 1701 1518 1764 oratione

328 1807 367 1872 de
396 1805 467 1872 Diis
499 1826 676 1890 numquam
705 1807 951 1891 imperativum,
976 1805 1031 1870 sed
1053 1827 1169 1894 semper*
1186 1805 1347 1888 optativum
1369 1807 1518 1891 usurpari

330 1912 360 1976 έν
391 1912 449 2004 μὲν
479 1913 520 1993 τῷ
553 1912 625 1993 πρὸς
657 1913 738 1983 θεοὺς
771 1913 854 1992 λόγῳ
887 1913 927 1976 τοὶ
961 1911 1175 1990 σροσσοοιιτικοὶ
1199 1913 1333 1988 rideret,
1362 1912 1392 1974 έν
1419 1911 1452 1976 δέ
1474 1914 1517 1993 τῷ

329 2017 396 2098 περὶ
431 2019 500 2083 θεῶν
530 2017 573 2083 σοὶ
605 2016 745 2082 sturiae.
793 2017 879 2105 Ergo
901 2020 934 2081 in
959 2019 1095 2082 secunda
1118 2037 1250 2103 persona
1272 2038 1396 2102 semper
1418 2021 1519 2104 impe-

328 2126 485 2201 rativum,
505 2126 540 2187 in
559 2127 654 2189 tertia
672 2124 791 2208 ubique
810 2126 990 2209 optativum
1010 2123 1151 2208 videbis,
1167 2126 1345 2189 utinnotis
1357 2125 1516 2208 precibus:

398 2235 458 2296 Ζεῦ
483 2231 639 2308 serint,
664 2232 707 2295 rui
731 2231 788 2309 μέν
812 2230 906 2294 ἐσθλὰ
931 2229 983 2295 nul
1009 2228 1184 2308 εὐχομένοις
1209 2229 1261 2294 nul
1286 2229 1441 2299 ιὶνεύιισοις

397 2333 481 2414 ἄμμι
506 2337 604 2421 δίδου,
628 2336 671 2401 τὰ
696 2335 726 2401 δὲ
750 2338 852 2417 λυγροὶ
877 2337 930 2402 aul
955 2336 1132 2417 εὐχομένοις
1156 2335 1301 2416 οὶσέρυκε.

328 2445 373 2508 sic
407 2442 490 2528 apud
522 2443 701 2509 Homerum
736 2448 800 2508 est:
833 2442 919 2520 εοῖξσν
952 2443 987 2516 δὴ
1021 2439 1116 2523 έγχος
1150 2442 1336 2520 Διομήδεος,
1370 2446 1402 2508 et
1433 2440 1517 2527 apud

328 2549 591 2635 Aristophanem:
623 2544 644 2613 ὦ
675 2553 753 2627 Ζεῦ,
786 2548 874 2627 μέχοο
906 2547 1087 2628 deduceret,
1112 2554 1144 2614 et
1168 2549 1252 2634 apud
1274 2547 1515 2614 Pherecratem:

331 2651 352 2719 sl
385 2659 461 2733 Ζεῦ,
499 2693 540 2704 -
573 2654 687 2720 duduco
719 2653 877 2737 σχολάζοι
910 2663 1014 2738 uictu,
1047 2655 1081 2720 id
1112 2660 1159 2720 est
1189 2661 1270 2720 ιιιὶέέσ
1292 2655 1404 2734 uicem,
1430 2660 1462 2720 ei
1483 2657 1519 2719 in

329 2782 501 2847 puerorum
531 2762 677 2847 precibus
708 2763 859 2827 Athenis:
885 2758 971 2839 ὅσον,
997 2757 1084 2834 ὅσον,
1110 2757 1132 2825 ὦ
1156 2761 1232 2843 φίλε
1257 2766 1337 2839 Ζεῦ,
1362 2768 1393 2827 et
1417 2759 1517 2841 ἓξεχ’,

331 2863 351 2931 ὦ
374 2866 447 2947 φίλ’
473 2865 559 2945 ἥλιε,
584 2874 617 2934 et
638 2869 758 2953 passim
781 2868 831 2932 his
855 2868 976 2932 similia
993 2867 1157 2954 leguntur.
1192 2866 1313 2947 Quaere
1334 2867 1520 2953 exemplum

329 2975 515 3059 imperativi
552 2975 586 3038 in
621 2977 716 3039 tertia
750 2994 899 3059 persona,
935 2973 1062 3038 nullum
1097 2975 1243 3059 reperies.
1300 2973 1372 3059 Ipsa
1405 2979 1520 3040 natura

330 3079 419 3144 ducit
450 3079 489 3145 ad
519 3083 701 3165 optativum
732 3085 765 3145 et
789 3079 1008 3166 exemplorum
1032 3080 1125 3166 plena
1148 3085 1223 3145 sunt
1245 3083 1361 3146 omnia.
1408 3080 1519 3165 Itaque

330 3189 483 3252 vitiosum
515 3192 562 3250 est
594 3186 669 3258 Ζεὺς
703 3184 854 3260 vertetu,
886 3191 918 3252 et
949 3186 1069 3251 σέσσισο
1100 3186 1311 3252 neceesarium
1341 3207 1377 3250 ac
1405 3206 1518 3252 verum

329 3296 386 3356 est.
422 3290 506 3371 Quid
530 3296 577 3357 est
599 3294 701 3379 igitur
723 3289 918 3380 legendum?
953 3291 1059 3358 Facile
1083 3295 1219 3378 reperies
1242 3293 1298 3356 ubi
1321 3290 1517 3356 intellexeris

329 3397 415 3462 male
437 3397 544 3462 abesse
566 3397 758 3483 particulam
778 3400 812 3462 in
829 3398 1014 3464 huiusmodi
1035 3401 1258 3486 imprecatione
1277 3399 1352 3482 poni
1370 3395 1517 3474 solitam,

331 3507 368 3567 ut
390 3503 474 3588 apud
495 3501 651 3569 Plautum
674 3525 710 3570 uc
733 3502 918 3568 Terentium
943 3504 1054 3568 toties:

533 3616 593 3672 ΛΤ
618 3616 647 3674 tc
670 3609 726 3674 Dii
750 3610 888 3695 Deaeque
904 3607 1058 3694 perduint.

535 3723 595 3779 AT
619 3722 648 3779 te
671 3715 789 3805 Iupiter
811 3715 912 3801 Dique
934 3735 1030 3780 οιοιιιοι
1045 3715 1189 3798 perduct.

535 3829 594 3886 AT
619 3821 675 3886 titi
696 3823 741 3886 Di
763 3826 883 3904 ᾱιμσιιοιι
897 3821 999 3908 sautia
1021 3820 1144 3884 erilium
1166 3820 1254 3885 derint
1279 3822 1313 3906 ¹).

369 4054 392 4120 Ι)
411 4054 505 4104 Terent.
529 4053 605 4102 Andr.
624 4051 666 4102 1v.
687 4057 707 4103 1.
726 4055 766 4103 ⁴3.
784 4053 814 4102 ed
831 4067 901 4118 quem
918 4053 998 4103 lucum
1015 4052 1139 4102 Donatus:
1157 4057 1219 4111 „Ar
1231 4053 1375 4118 principiam
1393 4055 1428 4104 ad
1444 4055 1519 4106 ιἰισσι·

328 4137 447 4204 pulionem
464 4141 557 4201 aptum,
575 4139 602 4185 ut
621 4135 734 4200 Virgilius
752 4134 825 4204 (Aen.
844 4136 878 4186 ll.
897 4141 968 4198 535).

581 4229 627 4274 ΔΤ
644 4224 688 4274 tibi
706 4239 750 4290 pro
766 4225 866 4285 scelere,
882 4227 1011 4284 exclamet,
1029 4239 1073 4290 pro
1090 4225 1178 4276 talibus
1195 4228 1257 4277 susis

579 4307 626 4366 Di,
644 4307 663 4356 si
681 4323 727 4372 qm
745 4312 780 4357 ast
798 4310 863 4358 coelo
881 4309 968 4374 pietus,
986 4323 1044 4373 quac
1061 4307 1118 4356 talin
1134 4313 1213 4368 curet,

579 4391 715 4454 persolvent
730 4395 810 4458 grates
827 4391 911 4459 dignas
927 4397 952 4443 ct
968 4391 1071 4458 praemis
1088 4391 1190 4441 reddant

580 4470 665 4522 debita
