3348 5086
732 343 796 419 401

226 538 281 614 τὴν
302 536 387 620 dccc*
409 538 445 604 ἐκ
467 537 616 606 Τενέδοιο.
641 549 683 608 A.
709 539 787 608 625.

224 641 333 710 ἀθθλιοι
358 644 466 712 ποσσὶν
489 643 605 728 ἀροντο.
630 655 654 713 1.
681 644 755 714 124.

223 751 309 824 κλέος
335 753 506 835 -ἀροθμηκ
529 762 568 819 Σ.
596 751 671 820 121.

222 857 308 932 κῦδος
331 857 422 940 ἀροιο.
446 871 486 925 Δ.
512 858 566 926 95.

220 964 307 1037 κῦδος
329 961 441 1046 ἀροιτο.
467 975 502 1031 Ε.
527 964 560 1034 3.

218 1071 367 1152 ἀροίμεθά
390 1096 425 1137 κε
447 1071 534 1146 κλέος
558 1069 676 1142 ἒοθλθν.
704 1081 738 1139 6.
763 1070 843 1142 273.

219 1177 305 1251 κῦδος
327 1177 430 1259 ἀρηοιι.
454 1189 494 1244 Π.
520 1176 575 1244 84.

217 1279 265 1348 ἵκοι
290 1319 310 1334 -
333 1283 439 1363 μιοθθν
461 1282 584 1366 ἀρητοοι.
609 1293 657 1351 Μ.
683 1283 759 1352 435.

216 1386 252 1454 ἵν’
275 1389 433 1472 ὑπέρτερον
457 1386 548 1472 εὖχος
571 1389 692 1472 ἀρηοθε.
715 1403 757 1459 Λ.
782 1391 860 1460 290.

215 1493 305 1579 εὖχος
329 1495 463 1580 ἀρθοθοοι.
488 1507 520 1566 Ξ.
547 1495 625 1566 365.

214 1603 300 1678 κῦδος
324 1605 457 1686 ἀρέσθοιι.
481 1614 529 1670 Μ.
553 1601 631 1673 407.

213 1711 300 1786 κῦδος
323 1710 424 1794 ἀρέσθ’
448 1711 621 1778 ἒιάνοουοί.
647 1722 685 1779 Σ.
710 1711 789 1780 294.

165 1821 199 1882 et
220 1817 342 1883 similia
363 1819 414 1884 his
436 1821 636 1906 reperiuntur
658 1821 787 1906 passim.
835 1819 898 1886 Sed
920 1820 1042 1886 factum
1065 1824 1113 1887 est
1135 1825 1207 1906 post
1234 1819 1354 1888 Home-

163 1925 263 1988 ricam
288 1929 425 1992 aetutem
448 1927 542 1991 utin
565 1927 673 1992 Attica
695 1927 784 2007 ἀείρω
804 1928 839 1992 in
857 1925 930 2008 οάρω
950 1927 1187 1993 contraheretur
1206 1933 1238 1994 et
1258 1931 1353 1994 aoris-

163 2035 217 2095 tus
240 2036 322 2096 esset
343 2027 418 2111 toa,
444 2026 537 2111 ἀριοι,
559 2029 656 2112 ἀροος,
682 2037 714 2098 et
735 2035 770 2098 in
793 2033 1350 2116 1011111’111ι1018ιίράμην,ἀροο1μην,

162 2133 314 2218 ἀροιοθοιι,
347 2136 508 2217 ἀράμενος.
555 2134 639 2202 Oum
671 2139 721 2204 his
749 2141 852 2226 igitur
881 2139 991 2205 formis
1013 2139 1202 2206 Homericae
1224 2142 1352 2207 misceri

161 2247 195 2310 et
216 2245 394 2329 permutari
414 2250 558 2329 coeptae,
578 2245 636 2310 ubi
654 2266 718 2311 una
737 2244 856 2313 vocalis
875 2244 1045 2310 discrimen
1064 2245 1208 2311 faciebat.
1234 2245 1351 2328 Quem·

161 2349 336 2416 admodum
359 2346 509 2416 Graeculi
526 2349 661 2431 εὑράμην
681 2356 714 2416 et
733 2348 917 2432 ἀφειλάμην
937 2349 1128 2416 dictitabant
1145 2371 1201 2437 pro
1221 2351 1350 2434 οὖρθμην

161 2460 194 2521 et
215 2458 412 2538 ἀφειλόμην,
437 2458 482 2520 sic
505 2458 698 2540 antiquiores
721 2477 777 2544 pro
801 2456 913 2522 formis
937 2459 1073 2526 vetustis
1096 2454 1244 2545 ἠρθμεθοο,
1263 2459 1351 2541 ἤρετο

160 2565 233 2628 sim.
257 2563 381 2628 Atticas
405 2562 561 2646 ἠράμεθοο,
586 2561 677 2641 ἤρατο
701 2563 943 2628 substituerunt.

203 2668 420 2734 Eximendum
442 2671 546 2756 igitur
568 2671 616 2733 est
637 2669 697 2735 hoc
719 2671 839 2736 vitium
860 2691 899 2735 ex
921 2669 972 2736 his
994 2667 1130 2737 Homeri
1152 2669 1247 2738 locis:

204 2785 239 2842 Γ.
265 2773 343 2843 373.
366 2773 503 2840 ἀοπετον
526 2774 619 2856 ἤροιτο
643 2776 742 2848 κῦδος.

206 2891 239 2952 Ξ.
264 2879 341 2947 510.
364 2879 517 2963 βροτόεντ’
540 2878 711 2962 ἀνάράγριοο
735 2879 870 2963 *sipara

205 2998 241 3054 Σ.
269 2985 345 3052 165.
368 2985 619 3068 ἀοιιετονῆριιτο
642 2987 742 3062 κῦδος.

205 3105 241 3159 X.
267 3091 344 3158 393.
368 3091 505 3174 ἦράμεθοι
529 3092 619 3172 μένοι
641 3094 740 3167 κῦδος.

205 3200 229 3265 δ.
256 3197 332 3266 107.
355 3195 422 3265 dcc’
446 3200 598 3274 Ὀδυσεὺς
623 3198 759 3279 ἐμθγηοε
783 3200 836 3265 sci
860 3201 964 3283 ἥροιτο.

204 3331 229 3372 ν.
257 3304 333 3374 137.
357 3306 467 3388 Τροίης
492 3307 629 3388 ἐξήρατο.

204 3439 234 3478 ο.
261 3411 315 3479 33.
339 3413 427 3492 μέγα
451 3412 538 3486 κλέος
563 3413 631 3494 ἤρα’
653 3411 780 3478 dorisco.

203 3520 312 3587 Attica
330 3523 417 3586 enim
437 3521 540 3586 forma
558 3519 676 3600 ἦράμην
695 3520 810 3603 succepi
830 3520 881 3607 (ut
899 3522 934 3585 in
954 3518 1089 3598 πόλεμον
1105 3517 1237 3604 ἀράμην)
1254 3519 1348 3604 plane

160 3627 283 3696 diversa
300 3629 339 3694 ab
352 3628 524 3694 Homerico
536 3630 653 3693 aoristo
665 3624 777 3706 ηρθμην
790 3646 829 3691 ex
839 3626 891 3690 his
903 3627 1051 3692 omnibus
1062 3625 1141 3692 locis
1153 3624 1346 3712 expellenda.

203 3736 354 3802 Atticum
377 3735 449 3815 οάρω
473 3753 535 3799 non
558 3735 626 3799 sine
649 3735 826 3818 suspicione
849 3733 939 3797 semet
960 3733 1044 3819 apud
1065 3729 1244 3798 Homerum
1264 3751 1348 3798 com·

159 3847 246 3926 paret
265 3853 299 3907 P.
326 3837 402 3907 724.

385 3949 423 4021 ἀς
446 3947 570 4015 reticere
594 3947 678 4012 νέκυν
704 3946 896 4026 οοῖροντοις
920 3945 1082 4029 Ἀχοιιοθς.

672 4150 835 4222 cxxvii.

628 4323 701 4373 nocI
724 4323 879 4372 REPETI'H.

204 4476 276 4560 Quo
308 4478 433 4562 saepius
463 4477 593 4562 antiqua
624 4475 766 4542 carmina
796 4472 917 4554 Ionica,
952 4493 1032 4560 quse
1060 4471 1196 4541 Homeri
1220 4477 1350 4544 nomine

1164 4579 1197 4628 οι
