3356 5086
753 335 819 408 289

188 525 293 610 φάνης
316 529 402 606 μετὰ
424 531 478 594 τοῦ
503 537 540 612 c,
565 534 598 594 ct
621 531 666 594 sic
688 530 808 594 iterum
831 530 871 596 ad
892 549 940 597 vs.
966 526 1043 598 270.
1067 549 1191 616 repone.
1227 529 1262 596 si
1278 531 1376 598 Zeno·

188 635 283 700 dotea
312 637 424 700 fuisset
452 634 548 700 lectio
578 633 759 713 άμόμονΑΟ
790 637 825 700 in
856 635 990 702 Scholiis
1020 635 1198 723 legeretur:
1232 639 1249 712 ἡ
1281 637 1375 712 διτλη

187 741 406 821 τεριεςιμμὲνη
425 738 470 806 ότι
494 739 652 816 Ζηνόδοτος
672 739 790 822 γράφει
810 743 874 807 ari.
921 741 1001 808 Vide
1020 741 1102 808 mihi
1120 744 1258 808 nuncin
1278 763 1374 828 quan·

186 857 259 916 tum
290 869 428 916 errorem
459 869 492 914 se
524 846 721 933 implicuerit
751 846 784 912 la
813 845 937 923 Rochc,
969 866 1031 933 qno
1060 847 1182 912 iudice:
1220 895 1238 926 „
1239 848 1374 933 fallitur

184 956 374 1022 Aristonicus
396 954 570 1018 Aristarcho
591 951 782 1030 άμιίμονα
807 951 969 1018 ticum?
1003 951 1114 1038 ltaque
1136 973 1221 1019 nunc
1242 953 1373 1039 quidam

183 1061 407 1128 Aristarchum
440 1061 576 1124 άναότιον
608 1057 797 1136 αἰτιόωνται,
826 1059 881 1123 scd
904 1063 1012 1124 contra
1033 1061 1174 1146 graviter
1195 1058 1303 1145 lapsus
1325 1064 1374 1126 cst

184 1167 296 1255 Odyss.
323 1175 359 1230 Γ.
382 1163 460 1230 246.
482 1165 540 1230 uhi
561 1165 695 1229 retinuit
717 1162 887 1230 lectionem
910 1169 1070 1230 veterem:

365 1267 442 1336 olore
465 1293 516 1349 μοι
540 1267 735 1334 άόανάτΟΙΟ
758 1268 938 1334 ἰνδάλλεται
963 1269 1168 1349 εἰσοράασθαι.

182 1384 287 1465 spreta
317 1397 394 1444 rara
415 1377 570 1461 scriptura
593 1376 632 1440 ab
655 1375 866 1460 Aristophane
888 1380 1012 1461 reperta
1033 1373 1225 1440 άόάνατοο.
1269 1374 1370 1441 Matri

182 1484 269 1550 labes
298 1487 370 1569 poet
400 1482 554 1546 amissum
585 1480 735 1558 δόγαμμα
765 1483 896 1546 vitiosas
919 1481 1090 1566 scripturas
1113 1481 1265 1567 pariebat.
1311 1480 1370 1546 Le·

182 1591 300 1678 gabant
316 1595 427 1654 tamon
445 1606 555 1652 omnes
576 1585 669 1652 Iliad.
689 1594 731 1651 Ψ.
751 1584 827 1650 460.
847 1586 943 1659 ἄλλος
966 1586 991 1650 δ’
1012 1587 1155 1668 οἰνόοχοῦ
1174 1586 1367 1654 ἰνδάλλεται.

181 1693 256 1761 Sine
278 1714 374 1760 causa
396 1693 567 1758 haerebant
587 1713 726 1777 namque
749 1691 829 1758 olim
852 1693 972 1758 fuant:

361 1797 420 1868 ι’ἰςε
442 1823 492 1877 μοι
516 1796 669 1870 άόάνοιτος
692 1796 888 1864 εινδάλλεται
913 1798 1120 1878 εἰσοράαοόαι.

181 1913 214 1973 et
235 1905 331 1978 άλλως
355 1905 382 1971 δ’
404 1905 522 1984 ἧνόοχος
544 1902 757 1979 τινδάλλεται,
782 1909 814 1969 et
837 1903 950 1990 Odyss.
970 1926 999 1968 τ.
1024 1903 1101 1969 224.

360 2011 448 2076 άλλάι
472 2009 525 2076 καί
549 2006 586 2082 cic
609 2009 692 2090 εερόιο
715 2006 753 2083 εἰς
777 2033 828 2087 μοι
852 2008 1047 2076 ιινδάλλεται
1072 2007 1152 2092 ἦτορ.

180 2124 213 2184 et
233 2117 324 2185 Iliad.
348 2127 382 2182 P.
406 2113 485 2182 213.
508 2114 629 2182 Hector

359 2222 404 2300 βῆ
427 2225 466 2304 ῥα
488 2223 577 2301 μέγα
601 2222 732 2301 τιάχων,
756 2221 930 2287 εινδαλλετο
954 2219 986 2286 δέ
1009 2226 1098 2304 σφισι
1121 2225 1200 2288 πάσι

359 2327 487 2408 τεύχεσι
511 2326 712 2404 λαμπόμενος
738 2327 924 2405 μεηαόάμον
948 2327 1135 2402 Πηλεΐωνος.

178 2437 233 2502 ubi
251 2437 383 2520 antiqua
401 2437 557 2518 scriptura
572 2437 640 2499 erat
658 2433 860 2511 λαμπόμενος
881 2434 1062 2508 Πηληιάδεω
1075 2436 1239 2514 ’λχιλιῑος,
1252 2435 1364 2502 deinde

177 2540 310 2628 vulgata
331 2543 380 2604 est
402 2545 542 2625 recepta,
563 2539 618 2605 sed
643 2546 757 2616 neutra
779 2540 962 2606 Aristarcho
978 2541 1184 2626 probabatur,
1202 2543 1257 2625 qui
1275 2547 1364 2606 ratus

176 2647 350 2712 ιινδάλλετο
381 2666 447 2711 esse
476 2647 562 2712 idem
593 2646 676 2730 quod
707 2643 808 2726 ἐῴκει,
840 2647 939 2723 όμοῑος
970 2642 1003 2719 ἦν
1034 2651 1085 2728 (ut
1110 2648 1144 2711 in
1168 2646 1362 2713 άόοονάτΟΙΟ

176 2751 383 2838 εινδάλλεται)
413 2754 565 2839 genitivis
588 2752 713 2818 dativos
735 2754 902 2837 supposuit
924 2751 1100 2817 ιινδάλλετο
1124 2789 1166 2800 -
1187 2752 1362 2835 μεγαθύμῳ

176 2859 334 2934 Πηλεΐωνι.
377 2857 476 2923 Recte
505 2879 557 2922 me
579 2857 684 2922 iudice
707 2864 740 2922 ct
762 2857 982 2942 Aristophanis
1005 2861 1162 2944 scriptura
1183 2857 1362 2924 άόάνατοο

175 2965 370 3030 τινδοίλλεται
400 2968 527 3048 recepta
557 2968 621 3048 cst,
653 2967 686 3028 ct
707 2962 908 3029 Aristarchea
929 2963 1104 3044 μεγαθύμῳ
1127 2965 1274 3037 Πηλεΐωνι
1298 2985 1361 3030 non

174 3077 222 3138 eat
243 3075 382 3156 recepta.

726 3380 810 3447 xlv.

462 3600 506 3656 Ol
528 3597 1076 3657 METAXAPAKTHPICANTeC.

216 3803 308 3873 Iribri
331 3807 471 3879 veteres,
495 3801 579 3866 unde
599 3799 777 3866 Zenodotus
800 3803 924 3886 primus
946 3803 1092 3867 omnium
1111 3821 1206 3868 suam
1224 3801 1360 3870 Homeri

174 3896 320 3989 ἰοόρόιοοιν
353 3909 568 3985 concinnavit,
601 3909 722 3972 exarati
756 3911 845 3972 erant
879 3905 1066 3987 γράμμασιν
1102 3907 1255 3981 Ἀττικοῖς
1291 3910 1359 3976 sive

174 4016 357 4098 ἀρχαϊκοῖς,
389 4012 536 4098 qualibus
558 4013 766 4078 Athenienses
789 4017 862 4078 ante
884 4011 1052 4078 Euclidem
1075 4015 1109 4077 in
1133 4015 1221 4078 omni
1244 4034 1359 4101 genere

175 4121 438 4187 documentorum
468 4119 653 4202 utebantur,
684 4138 826 4203 quaeque
855 4124 926 4203 post
955 4123 1115 4203 receptam
1145 4117 1359 4186 litteraturam

173 4227 314 4294 Ionicam
339 4229 356 4302 εἰ
381 4225 506 4290 παλαιά
530 4227 737 4305 γραμματικά
762 4230 818 4289 aut
839 4224 856 4298 ά
880 4225 1003 4305 άρχαόοι
1021 4225 1232 4304 γραμματική
1253 4225 1359 4311 appel·

173 4332 232 4400 lari
254 4333 410 4399 solebant.

216 4439 396 4506 Zenodotus
422 4436 524 4525 igitur
554 4457 654 4521 quum
683 4436 725 4502 τά
758 4435 892 4502 Ἀττικά
916 4435 1098 4518 γράμματα
1121 4439 1359 4505 transscribcrct

1187 4545 1217 4590 ιε
