3304 5090
695 319 760 391 285

145 535 203 580 non
224 513 365 591 cadebat,
391 523 428 580 ut
451 519 512 577 tem
535 512 663 598 quidem
682 512 781 601 vulgo
802 516 1022 599 opinabantur.
1057 514 1093 580 ln
1113 514 1319 600 simplicitate

145 623 267 705 antiqua
289 622 359 706 quie
382 619 510 684 tandem
534 621 568 684 in
591 618 649 684 tali
672 640 705 684 re
730 619 930 686 offendisset?

185 726 289 792 Unum
312 747 352 791 ex
374 724 473 790 lliade
497 724 602 789 locum
627 725 752 790 addam.
798 725 933 813 Legitur
955 734 995 791 T.
1023 725 1099 792 318.

273 832 414 906 κρείσσων
439 826 481 900 είς
507 830 610 905 ἐμίίεν
635 832 687 895 κοί
713 831 855 910 (νέρτεροι,Ι
879 835 932 898 οὐκ
956 833 1059 908 ὀλίγον
1084 855 1140 912 περ

272 936 381 1015 ἔρχει.
406 937 467 1014 ἐγὼ
491 935 523 1000 δέ
547 960 581 1000 κε
606 943 668 1002 σεῖο
691 937 825 1012 νοιίμοιτί
848 961 887 1014 γε
910 937 1125 1017 προβολοίμην

273 1041 403 1116 πολλίν,
426 1041 493 1106 ἐπεὶ
518 1042 656 1120 πρότερος
680 1042 888 1118 predecessori
913 1043 1040 1108 πλείονοι
1066 1038 1147 1107 olda.

142 1144 268 1212 laudans
287 1148 371 1212 hune
391 1167 520 1212 versum
540 1146 696 1212 Aristides
714 1147 781 1226 περί
803 1152 857 1213 τοῦ
877 1148 1152 1230 ποιροοφίέγμοιτος
1174 1145 1265 1212 Tem.
1279 1146 1319 1212 H.

143 1271 213 1339 pag.
243 1251 317 1317 499.
341 1252 436 1318 Dind.
462 1253 565 1318 addit:
591 1254 615 1316 οί
640 1257 759 1332 φαῦλοι
784 1261 841 1318 τῶν
865 1256 1096 1333 γρυμμοιτιςοῖν
1118 1252 1319 1329 λυμοοίνοντοιι

143 1360 181 1436 τῷ
212 1356 293 1430 ἔπει,
324 1351 351 1422 ci
378 1360 413 1423 τὸ
445 1367 631 1424 ΠΟΛΛΟΝ
656 1359 840 1424 οίπολίουσιν
863 1363 925 1425 ἀπὸ
950 1365 1003 1426 τοῦ
1027 1359 1186 1438 προτέρου.
1210 1357 1321 1434 ἄγουσι

143 1464 166 1526 δ’
196 1464 245 1527 ἐπί
276 1465 318 1530 τοί
347 1463 435 1543 ἑξῆς,
459 1461 497 1528 ὧν
521 1466 644 1539 lipsius
669 1467 753 1528 κυσίν
776 1471 829 1536 rio
854 1471 907 1531 τοῦ
933 1465 1022 1536 ἔπους
1046 1466 1155 1545 οίρχιίν.
1202 1463 1323 1528 Eadem

142 1589 189 1634 res
217 1569 328 1636 multis
356 1584 624 1637 commemoratur
654 1573 688 1636 in
719 1569 873 1638 scholiis:
898 1573 1060 1649 ίουμοισίοο
1083 1571 1135 1636 κοί
1160 1569 1321 1646 διαβόητος

143 1675 158 1746 ἦ
181 1676 278 1752 serui
302 1679 319 1750 ἡ
344 1678 386 1746 είς
411 1679 445 1741 τὸ
470 1677 758 1754 προβαλοίμην
783 1681 834 1741 ecci
855 1679 1047 1758 οίνοιφίρετοιι
1069 1679 1110 1748 είς
1130 1675 1323 1752 ’Λριςοκλίολ

102 1785 104 1790 ’
142 1778 222 1859 Quid
240 1782 367 1847 tandem
389 1785 550 1866 permovit
573 1783 765 1849 Aristoclem
789 1793 826 1848 ut
849 1791 915 1849 tam
936 1789 1075 1849 coactam
1097 1791 1129 1849 et
1147 1789 1323 1848 contortam

141 1886 303 1952 verberum
316 1890 576 1973 compositionem
590 1887 728 1954 naturali
741 1910 777 1954 ec
789 1889 931 1975 simplici
948 1892 1166 1974 anteponeres?
1200 1887 1324 1972 Nempe

141 1992 338 2058 'Alll’ellec
370 1993 453 2058 δοκεῖ
481 1995 564 2074 αὐτῷ
589 1994 624 2058 τὸ
657 1995 811 2059 πολλόν
846 2004 908 2068 τοῖς
938 1996 1113 2073 ἡγουμένοις
1138 1997 1323 2069 συνάπτειν,

140 2105 318 2184 poteratque
348 2120 385 2165 ea
411 2121 460 2165 res
484 2098 604 2164 Achilli
627 2099 793 2184 displicere
816 2109 873 2166 cut
896 2100 997 2167 bilem
1022 2119 1160 2166 movere.
1210 2096 1323 2165 Gram-

141 2206 325 2268 maticorum
346 2205 553 2270 deliramenta
569 2205 646 2270 haec
665 2212 740 2271 suut
756 2227 793 2271 eo
813 2209 956 2292 turpiora
976 2226 1037 2291 quo
1057 2204 1203 2290 pluribus
1219 2224 1323 2268 exem·

141 2307 200 2394 plis
218 2311 377 2378 constabat
396 2313 465 2381 τοὺς
487 2311 583 2386 ἥρωος
602 2313 636 2375 in
655 2322 757 2376 semet
776 2314 854 2396 ipsis
872 2312 1039 2378 laudandis
1053 2319 1201 2376 naturam
1213 2314 1319 2400 magis

141 2424 258 2480 secutos
277 2437 373 2502 quam
397 2415 564 2482 artificiose
588 2417 772 2482 simulatam
796 2419 995 2484 modestiam.

183 2519 328 2588 Scholion
359 2523 398 2588 ad
430 2521 544 2611 Odyss.
576 2532 611 2589 r.
648 2521 725 2588 367.
756 2525 804 2590 ita
834 2523 1109 2590 constituendum:
1142 2524 1244 2604 χρεῖός
1269 2545 1320 2599 μοι

140 2627 304 2702 ὀφέλλεται
327 2627 392 2692 οιίτι
416 2627 478 2692 νὲεν
500 2652 539 2706 γε
564 2630 624 2693 οὐδ’
648 2630 767 2706 deiros:
793 2637 976 2695 AlcxroN
1001 2631 1064 2706 ρίιρ
1087 2629 1122 2693 τί
1146 2631 1242 2694 δοκεῖν
1265 2628 1316 2693 tra

140 2730 243 2813 βραχὺ
275 2733 415 2814 ἀργύριον
447 2735 726 2807 οίποιλλοίττεσίοοι.
750 2737 872 2800 mirum
895 2738 930 2800 ni
953 2735 1122 2815 ἀργυρίδιον
1146 2737 1307 2820 scripserit

139 2844 173 2903 ut
194 2845 241 2904 esi
262 2845 330 2905 tota
351 2838 626 2905 observatiuneula
648 2840 775 2915 εὖτελίρτ
800 2843 853 2905 ael
878 2841 1043 2920 osorspooi.

183 2943 292 3032 Odyss
327 2954 363 3010 ll.
396 2943 474 3010 233.
506 2947 554 3018 τίς
578 2968 624 3010 τοι
648 2948 725 3010 cate
748 2944 856 3020 eiuxr'
879 2945 1005 3022 ἔδωκενς
1032 2951 1218 3011 annotatur:
1245 2945 1329 3023 δοκεῖ

141 3051 198 3114 τισί
228 3051 505 3130 μικροπρεπὲς
538 3052 590 3116 ccxl
623 3052 816 3116 τοοπεινόν
847 3053 881 3116 τὸ
914 3055 968 3126 την
1000 3055 1131 3133 Ἀρήτην
1162 3053 1248 3131 πυροὶ
1272 3055 1326 3116 τοῦ

142 3154 219 3232 ξένου
243 3165 357 3236 πρῶτον
383 3157 449 3233 περί
474 3166 529 3230 τῆς
555 3159 677 3230 ε’σίητος
702 3159 917 3223 πυνίοίνεσίοιι.

185 3262 267 3342 Quid
297 3271 406 3329 contra
437 3271 568 3329 naturae
600 3268 825 3352 congruentius
849 3281 911 3339 cet,
937 3264 1014 3349 quid
1039 3268 1256 3329 matronarum
1279 3266 1325 3328 in·

144 3371 233 3456 genio
256 3366 514 3435 convenientius?
548 3369 672 3457 Regina
697 3373 838 3458 Aegypti
861 3377 893 3435 et
915 3369 1082 3455 cpulentae
1101 3368 1326 3436 Alexandrino·

143 3495 211 3541 rum
232 3499 346 3544 uxores
368 3478 447 3544 talia
464 3499 527 3544 non
546 3479 714 3545 curabant:
736 3478 828 3544 facile
850 3477 959 3552 credo,
981 3477 1036 3543 esd
1055 3477 1132 3563 quid
1151 3477 1190 3542 ad
1208 3475 1327 3542 Home·

143 3579 231 3647 rum?
277 3584 489 3666 Μικροπρεπέρ
534 3593 566 3650 et
607 3583 751 3649 τοπεινίν
796 3581 952 3652 voeabula
992 3589 1067 3648 sunt
1110 3583 1326 3669 arrogantium

145 3685 328 3757 aulicorum.

187 3791 299 3883 Odyss.
324 3805 363 3862 H.
389 3795 466 3864 311.

255 3903 280 3966 εί
305 3904 384 3982 γοίρ,
409 3908 469 3969 Ζεῦ
493 3927 530 3968 τε
553 3901 653 3982 πιίτερ
678 3903 731 3967 cccl
755 3903 901 3978 Ἀίηνοιίη
926 3902 978 3966 καί
998 3905 1173 3972 Ἄπολλον,

255 4015 333 4078 τοῖσι
358 4010 410 4074 ἐὼν
433 4005 491 4080 cide
515 4011 598 4085 ἕσσο,
624 4011 666 4074 τοί
689 4033 725 4073 τε
748 4011 877 4087 Φρυνίων
901 4010 939 4077 ὥς
960 4008 1019 4084 eye
1043 4030 1113 4084 περ,

257 4115 360 4178 calici
384 4118 412 4179 τ’
437 4115 512 4188 ίμίρν
535 4113 649 4194 ἐχέμεν
674 4115 725 4178 ccxl
750 4116 821 4188 ἐμὸς
845 4114 991 4193 patefiet:
1016 4113 1194 4176 κμλὲεσίοιι.

147 4220 214 4286 τοὺς
245 4215 279 4296 ἓξ
310 4218 517 4305 (ott-316)
549 4223 732 4298 Ἀρίςινρχος
764 4220 881 4299 discito
906 4220 1040 4295 Ὀμιίρου
1064 4214 1150 4282 είνοιι.
1176 4217 1200 4280 εί
1224 4215 1254 4280 δὲ
1277 4215 1328 4280 ecel

148 4327 302 4402 Ὀμηριιιοί
336 4328 382 4414 (id
411 4333 460 4393 eat
490 4327 606 4391 etiamsi
626 4328 734 4413 sermo
757 4334 785 4390 el
808 4326 904 4390 cerdis
925 4325 1034 4390 cim-ilie
1055 4331 1125 4388 ινιιί
1147 4323 1325 4404 Homerica,

149 4435 262 4500 οίίυινινί
291 4457 426 4502 cerem
457 4433 677 4526 Homerico-um
705 4433 826 4516 ιροοίοοι
848 4432 999 4520 reserent)
1023 4430 1146 4502 είκίτιος
1170 4430 1221 4516 (ίον
1244 4429 1328 4519 add.)
