3342 5080
867 305 933 379 570

350 496 436 590 Ergo
459 499 616 584 σύσροιίεο
638 499 802 567 dioebatnr
826 498 986 582 παροίνειν
1010 504 1043 566 et
1064 497 1225 588 Hyperidi
1247 490 1269 566 θ
1293 499 1345 566 κού
1372 497 1502 581 παροί-

307 607 404 686 ξειεν
429 604 468 671 ι’ίν
491 629 538 679 τις
562 605 770 672 reddendum.

351 815 433 903 Pag.
467 811 541 880 778.
573 813 629 880 25.
662 814 686 880 εί
719 812 781 895 γύρ
811 839 859 888 τις
890 815 968 882 είποι
998 819 1037 890 or
1068 817 1102 882 εἰς
1134 822 1193 882 τῶν
1216 813 1374 882 νεοιτοίτιιν
1397 817 1414 893 ἢ
1440 823 1504 882 τῶν

308 918 547 990 πλουσιωτάτων
564 921 643 996 -s
674 927 733 985 τῶν
759 921 902 986 τοιούτοιν
925 921 1005 993 τινὸς
1028 928 1125 1003 μερῶν
1149 922 1219 996 τοὺς
1243 921 1396 1001 λέγοντας
1421 920 1504 989 εἶναι

306 1031 357 1095 δεῖ
375 1026 588 1097 ἀποκτείναιτ’
612 1024 651 1092 tv
673 1025 768 1091 αύτὸν
790 1029 830 1099 ὥς
854 1027 1042 1094 καταλύοντι
1066 1030 1116 1095 τθν
1140 1030 1250 1114 δῆμον,
1274 1031 1391 1116 quibus
1423 1031 1505 1097 haeo

310 1137 457 1224 oppom't:
490 1133 542 1198 καί
573 1133 635 1212 μίρν
659 1127 678 1197 ύ
697 1155 727 1197 τι
751 1132 902 1211 βούλεσθε
925 1133 1039 1200 τούτων
1063 1129 1152 1208 ἦττύν
1176 1135 1221 1204 ἐτι
1246 1135 1337 1202 δεινὸν
1360 1137 1377 1213 ἢ
1402 1135 1433 1202 εί
1453 1161 1506 1210 τις

311 1241 360 1326 [ἐξ
390 1237 428 1306 ὧν
459 1236 545 1312 ούτθς
579 1239 625 1309 ἐςι
656 1239 767 1324 μερῶν]
798 1239 876 1306 είτοι
908 1249 971 1314 τοῖς
1000 1238 1195 1323 βιαζομένοις
1218 1240 1331 1318 ἐξεῖναι
1354 1241 1459 1322 λέγειν
1487 1244 1505 1320 ἢ

311 1357 374 1423 τοῖς
399 1349 433 1413 dx
457 1352 510 1412 τοῦ
535 1345 740 1426 δεσμωτηρίου
766 1345 783 1421 ἢ
809 1353 874 1419 τοῖς
897 1343 935 1412 dv
959 1348 1139 1413 οίπέιισεινεν
1163 1347 1177 1411 θ
1202 1347 1295 1426 δῆμος
1314 1349 1384 1421 τοὺς
1404 1350 1507 1416 πατέ-

311 1481 365 1538 ρας
402 1455 466 1520 κτὲ.
514 1450 550 1518 Si
585 1455 657 1538 quis
690 1471 753 1517 non
789 1455 887 1517 sentit
917 1453 1078 1520 emblema
1107 1454 1168 1520 hoe'
1198 1457 1232 1518 in
1262 1458 1409 1544 margine
1437 1477 1508 1522 esse

313 1558 534 1627 collocandum
564 1559 705 1646 cogitato
736 1578 844 1624 seeum
876 1579 917 1624 an
948 1559 1099 1626 alieniore
1128 1559 1198 1626 looo
1217 1581 1314 1648 qnam
1339 1562 1397 1627 ubi
1419 1585 1508 1629 nuno

313 1673 362 1733 est
389 1668 466 1753 poni
496 1666 649 1750 potnerit.
696 1662 830 1728 Prorsus
861 1686 928 1730 esse
951 1685 1221 1750 supervacaneum
1243 1669 1319 1753 quia
1341 1671 1506 1756 sequitur:

313 1771 420 1839 ποίντοι
444 1771 506 1850 rep
531 1770 619 1835 ταῦθ’
644 1767 779 1852 ὑποίρχει
803 1770 918 1852 τούτῳ,
944 1775 1016 1857 quis
1039 1793 1102 1840 non
1125 1771 1235 1840 videt?

358 1977 440 2068 Pag.
474 1977 550 2047 779.
586 1978 616 2048 7.
649 1979 757 2046 ποίντα
786 1979 850 2060 γίιρ
879 1983 968 2047 ταῦθ’
1001 1982 1135 2062 ύποίρχει
1167 1983 1264 2066 τούτῳ
1295 1989 1347 2049 καί
1379 1985 1507 2066 τρύσει-ι

313 2092 377 2158 τοῖς
409 2080 529 2166 οίύσπερ
553 2082 639 2158 ούτθς
662 2085 709 2154 ἔτι
731 2087 786 2161 τίρν
809 2087 916 2168 φύσιν.
964 2087 1123 2175 impedita
1145 2092 1301 2156 sententia
1324 2096 1372 2155 est
1396 2096 1429 2154 et
1451 2092 1509 2155 rix

313 2212 397 2257 sana.
447 2191 532 2272 Quid
564 2195 593 2257 si
624 2191 759 2258 dixerit:
793 2191 928 2275 ύποίρχει
958 2196 1054 2276 τούτῳ
1084 2196 1136 2262 καί
1170 2205 1232 2270 τοῖς
1265 2193 1395 2275 οἵοισπερ
1420 2192 1506 2269 οὗτος

314 2300 369 2374 τίον
387 2297 493 2379 φύσιν.
528 2298 577 2365 De
596 2301 783 2365 attractione
802 2307 865 2372 τοῖς
885 2296 1015 2381 οίοιστερ
1034 2297 1119 2374 οὗτος
1139 2302 1214 2368 vide
1233 2301 1273 2368 ad
1294 2323 1368 2390 pag.
1383 2301 1460 2367 613.
1473 2301 1507 2368 8.

358 2510 439 2598 Pag.
464 2508 541 2577 779.
567 2509 620 2574 16.
643 2511 688 2587 μὴ
713 2509 793 2588 γὰρ,
814 2504 835 2572 ὦ
858 2512 917 2574 Ζεῦ
937 2509 989 2574 καὶ
1011 2511 1086 2589 θεοί,
1107 2511 1244 2588 ποσαύσιρ
1264 2511 1376 2585 σποίνις
1396 2511 1507 2593 ἀνδρῶν

314 2616 431 2697 γένοιτο
455 2627 494 2699 τῇ
518 2615 607 2680 πόλει
632 2613 690 2683 eder
714 2612 790 2694 παρ’
816 2617 1052 2696 Ἀριςσνείτονος
1077 2624 1136 2682 τῶν
1158 2625 1260 2684 καλῶν
1282 2642 1311 2682 τι
1338 2627 1504 2684 ΠΟΙΗσα-

315 2723 395 2787 σθαι.
443 2723 627 2788 Absurdum
660 2721 719 2786 hoo
755 2720 885 2805 quidem
919 2727 967 2787 est
1001 2724 1188 2798 nordoardus
1221 2747 1251 2787 τι
1287 2723 1383 2788 καλὸν
1418 2721 1504 2802 παροί

312 2852 402 2901 τινος.
450 2827 594 2894 Emenda
618 2829 844 2893 ΠΟΡΙοασθοιι.
891 2825 942 2893 Sic
965 2830 1095 2908 τύγαθοὶ
1118 2830 1302 2912 πορίζεσθαι.
1327 2836 1359 2896 et
1381 2830 1504 2896 similia

312 2937 432 3020 passim
456 2933 586 3022 legitur.

360 3039 431 3105 Non
453 3040 644 3126 infrequenti
668 3061 771 3106 errore
794 3040 943 3107 inlibris
967 3038 1087 3120 πορίσαι
1113 3045 1145 3105 et
1163 3047 1302 3115 ποιῆσαι,
1322 3040 1504 3120 πορίσασθαι

315 3150 348 3214 et
370 3147 554 3221 nordoardus
578 3150 662 3213 inter
683 3169 716 3212 se
739 3147 988 3213 confunduntur.

360 3359 441 3446 Pag.
467 3355 544 3426 780.
569 3356 624 3425 16.
649 3359 705 3424 είσί
731 3367 802 3431 ταῖς
825 3358 933 3424 πύλεσι
959 3356 1077 3429 ποίσαις
1100 3356 1201 3436 βωμοί
1226 3356 1279 3421 καὶ
1304 3357 1358 3439 νεῲ
1382 3356 1505 3423 ποίντιον

315 3473 373 3534 τῶν
404 3466 491 3543 θεῶν,
523 3466 553 3530 ἕν
583 3466 615 3530 δὲ
645 3465 761 3537 τούτοις
794 3465 845 3530 καί
878 3473 1099 3530 HPONOIAC
1132 3463 1264 3537 Ἀθιρνοῖς
1284 3499 1325 3511 -
1346 3463 1421 3527 αλλ’
1453 3463 1505 3526 ούιι

316 3575 554 3639 'AHONOIAC
576 3573 636 3638 ott·
659 3571 828 3644 ἀναιδείας.
863 3569 912 3636 Ex
935 3573 1132 3657 oppositione
1154 3575 1278 3635 certum
1299 3574 1347 3635 est
1367 3571 1503 3649 προνοίας

317 3679 483 3746 Oratorem
507 3678 641 3757 dixisse,
665 3699 728 3744 non
752 3678 909 3756 προνοίας.
945 3676 1003 3742 Est
1022 3676 1082 3742 hoo
1101 3675 1313 3756 παροίκονσμα
1335 3675 1506 3754 δνμοτιιιύν.

316 3787 499 3871 Antiquarii
536 3785 677 3852 sciebant
713 3783 860 3863 προναίαν
899 3785 992 3849 nnioe
1021 3803 1134 3850 verum
1165 3802 1248 3861 esse,
1285 3781 1340 3847 sed
1369 3781 1507 3868 populns

318 3892 454 3972 τρθνοιοιν
478 3891 638 3978 appellare
661 3889 791 3956 solebat.
838 3889 951 3975 Itaque
973 3909 1037 3954 non
1060 3893 1108 3954 est
1130 3908 1248 3976 magno
1270 3908 1364 3974 opere
1390 3890 1507 3953 miran-

317 4000 396 4066 dum
414 3998 614 4087 Hyperidem
636 3998 820 4085 quotidiano
838 3995 950 4082 populi
967 4015 1111 4061 sermone
1129 3999 1273 4059 utentem
1294 3995 1328 4058 in
1345 4013 1384 4059 ea
1399 4015 1433 4060 re
1444 4013 1505 4060 non

318 4128 393 4174 oum
415 4106 517 4172 doctis
539 4125 615 4172 vora
637 4106 771 4183 sentiro,
794 4102 849 4170 sed
873 4123 948 4169 oum
970 4100 1087 4188 populo
1109 4121 1221 4166 errare.

363 4315 442 4404 Pag.
476 4313 552 4383 781.
576 4313 611 4382 2.
643 4313 688 4384 ἔτι
720 4313 751 4380 δὲ
783 4311 876 4378 πα’ντ’
907 4313 991 4394 αύτῷ
1025 4314 1131 4377 ταῦτα
1163 4308 1275 4391 totvm
1306 4311 1395 4386 ὑμεῖς
1420 4311 1505 4390 ύρθύς

317 4420 450 4498 οίιιούντε
472 4420 620 4503 οίδθκιμοι.
657 4419 742 4501 Quid
765 4439 881 4506 quaeso
904 4424 953 4485 ast
975 4419 1061 4502 ὀρθῶς
1086 4413 1227 4484 ύιιούεινί
1261 4416 1395 4504 Fuerat,
1415 4415 1507 4483 oredo
