3356 5084
703 337 769 406 459

178 523 257 617 Peg.
283 523 338 594 54.
363 523 415 592 12.
440 528 473 593 ού
497 526 601 608 μέντοι
626 538 678 594 ΓΕ
700 531 749 609 μοὶ
769 534 819 599 Δί’
838 531 914 598 ούτω
937 536 1141 615 προαιρεῖσθαι
1163 534 1322 614 προύττειν.

133 633 214 700 Boni
243 637 412 720 scriptores
441 634 519 702 haec
549 637 596 701 ita
625 635 762 702 formare
792 637 894 704 solent
916 642 949 708 ού
973 638 1075 717 μέντοι
1100 639 1149 719 μοὶ
1173 639 1224 704 nl
1248 637 1324 706 ούτυ

16 833 18 840 y
134 748 195 806 re.
220 740 275 808 sed
294 740 424 806 turbant
442 743 477 806 in
495 739 546 806 his
563 740 698 807 librarii.
733 740 787 809 Sic
810 741 1320 832 ρις.18λ13.μαιιςομι...

135 847 159 911 εἰ
183 846 215 912 δὲ
238 848 283 925 μὴ
314 855 366 912 ΓΕ
392 851 450 911 τῶν
481 846 680 927 ὑπαρχόντων
712 851 853 938 corrige:
884 851 910 916 εἰ
941 851 972 916 δὲ
995 851 1040 929 μὴ
1063 857 1122 916 τῶν
1145 861 1197 918 ΓΕ
1226 853 1325 933 ὑπαρ-

134 953 261 1034 χόντων.
299 952 381 1041 Peg.
396 951 493 1019 1195.
521 953 570 1020 12.
597 954 720 1022 editur:
744 957 778 1022 ού
797 956 900 1036 μέντοι
921 960 955 1022 Γ’
976 956 1044 1024 oete
1068 961 1158 1024 τοῦτο
1181 957 1324 1043 ἔφασαν,

136 1060 190 1127 sed
213 1058 238 1126 S
260 1080 373 1127 verum
396 1062 553 1126 servant:
579 1061 612 1126 ού
636 1059 740 1138 μέντοι
764 1062 830 1128 οὐδὲ
856 1063 948 1130 τοῦτό
970 1061 1006 1128 Γ’
1032 1061 1168 1147 ἔφασαν.

180 1165 304 1233 Eadem
328 1170 375 1232 est
397 1168 479 1232 ratio
502 1168 535 1232 in
560 1166 659 1234 καίτοι
674 1205 716 1217 -
730 1191 788 1246 γε.
815 1167 867 1234 καὶ
887 1170 949 1248 μὴν
962 1205 1005 1220 -
1018 1195 1077 1256 pe,
1093 1172 1127 1236 ού
1139 1172 1254 1249 μὺν-
1267 1196 1325 1251 νε,

136 1273 212 1339 ἀλλ’
236 1267 286 1338 οὖν
300 1309 343 1322 -
355 1297 412 1358 γε,
434 1275 469 1338 in
491 1273 607 1359 quibus
630 1277 663 1340 et
685 1275 764 1359 ipsis
784 1280 893 1342 contra
912 1281 1037 1343 certum
1058 1275 1211 1344 Veterum
1231 1299 1327 1344 usum

136 1401 230 1468 saepo
252 1384 410 1466 peccatur.

181 1622 264 1711 Pag.
287 1617 339 1689 57.
366 1619 420 1687 15.
447 1620 481 1684 ἐκ
505 1619 537 1685 δὲ
560 1619 668 1686 τούτου
695 1620 865 1699 συμβαίνει
889 1660 929 1670 -
950 1622 993 1688 τόν
1017 1622 1214 1707 [πράγματα
1239 1627 1325 1709 ΚΑΙ]

137 1729 204 1813 περὶ
228 1724 266 1793 clv
296 1726 481 1806 βουλεύεσθε
508 1727 676 1810 ἐκφεύγειν
707 1729 802 1807 ύμοῖς.
850 1729 972 1815 Ecquid
1000 1733 1131 1798 interest
1153 1731 1185 1797 h.
1198 1731 1220 1797 l.
1244 1734 1327 1798 inter

137 1838 178 1904 τόν
201 1833 383 1916 πράγματα
409 1839 441 1900 et
464 1833 530 1914 περὶ
554 1829 594 1898 do
616 1831 821 1912 βουλεύεσόεό
845 1834 938 1901 Nihil
960 1856 1097 1922 prorsus.
1143 1837 1215 1904 Non
1235 1839 1327 1904 credo

137 1965 202 2012 esse
225 1943 305 2009 satis
324 1942 546 2026 importunum
568 1940 624 2005 καό
647 1941 750 2008 delere
774 1941 829 2007 sed
851 1941 963 2008 eadem
992 1962 1087 2028 opera
1109 1943 1255 2008 Atticum
1280 1943 1327 2009 di-

136 2049 228 2117 cendi
246 2067 349 2137 genus
368 2047 550 2133 saepissime
569 2066 589 2111 a
606 2047 718 2113 scribis
735 2047 872 2114 indoctis
891 2047 1098 2114 obliteratum
1118 2048 1326 2115 Demostheni

136 2156 226 2224 reddi
255 2157 398 2241 oportere
428 2152 608 2219 scribendo:
640 2153 683 2219 τοὶ
715 2154 782 2236 περὶ
805 2149 843 2218 dv
873 2153 1068 2232 βουλεύεσθε.
1116 2154 1327 2222 Memorabile

137 2261 323 2349 exemplum
346 2263 394 2325 est
415 2280 489 2346 pag.
504 2257 557 2324 50.
581 2257 636 2324 24.
662 2259 692 2324 ἐν
715 2257 773 2342 όσςο
797 2265 902 2326 ταῦτα
926 2259 1081 2338 μέλλεται
1105 2261 1325 2340 προαπόλωλεν

137 2369 189 2452 ἐφ’
214 2361 236 2434 όν
260 2365 299 2434 ἂν
322 2363 510 2443 ἐκπλέωμεν.
558 2363 610 2431 Sic
632 2365 709 2432 libri
732 2387 856 2433 omnes:
881 2366 967 2434 solus
990 2365 1014 2433 S
1037 2366 1176 2433 salutem
1199 2368 1324 2456 attulit:

137 2473 339 2558 προαπόλωλε
363 2481 423 2540 ΤΟ
453 2470 506 2555 ἐφ’
532 2468 546 2538 ό
570 2471 608 2538 ύν
632 2471 821 2551 ἐκπλέωμεν.
868 2473 993 2548 Multos
1015 2473 1055 2539 ad
1077 2471 1253 2561 Hyperidis
1275 2473 1326 2540 λό-

137 2609 191 2663 γον
224 2582 389 2662 ἐπιτάφιον
420 2577 505 2645 locos
536 2599 571 2646 eo
602 2581 684 2646 vitio
712 2579 838 2646 affectos
868 2580 1098 2655 indicavimus,
1130 2580 1238 2666 plnres
1269 2580 1326 2648 alii

128 2688 316 2779 ¹corrigendi
336 2691 525 2773 supersunt,
549 2685 588 2752 de
610 2687 727 2772 quibus
748 2687 831 2752 infra
852 2686 1004 2752 dicemus.

180 2928 263 3017 Peg.
289 2925 342 2993 58.
372 2925 425 2992 16.
457 2925 587 2992 κατιδὼν
617 2924 838 3006 Νεοπτόλεμον
869 2926 922 2992 τὸν
954 2925 1115 3006 ὑποκριτὴν
1129 2966 1169 2976 -
1183 2929 1227 2994 τοὶ
1249 2929 1325 3010 παρ’

138 3037 211 3114 ὑμῖν
234 3034 428 3121 [διοικοῦντα]
451 3034 595 3115 Φιλίππῳ
616 3034 697 3118 [καὶ]
717 3033 956 3115 πρυτανεύοντα.
992 3033 1221 3102 Demosthenes
1240 3036 1327 3102 dixe·

137 3147 204 3208 rat:
229 3141 271 3205 τόι
297 3142 370 3220 παρ’
401 3140 473 3218 ὑμῖν
506 3139 650 3221 Φιλόππιρ
675 3144 913 3221 πρυτανεύοντα.
959 3135 1083 3225 Inspice
1104 3139 1326 3228 Harpocratio-

137 3268 212 3313 nem
236 3268 269 3314 ν.
295 3247 630 3328 Πρυτανεύονταῐ
655 3282 697 3295 -
717 3245 787 3311 αυτ)
808 3250 860 3312 τοῦ
884 3244 1131 3312 διοικοῦντα.
1167 3247 1328 3326 Δκμοσόέ-

138 3379 188 3428 ννς
220 3354 251 3418 ἐν
284 3361 500 3431 Φιλιππικοῖς,
529 3373 609 3438 qnae
640 3352 681 3419 ad
702 3358 848 3418 nostrum
869 3350 979 3418 locum
1000 3353 1170 3437 pertinent.
1215 3352 1328 3420 Viden'

138 3460 216 3548 qnid
238 3463 271 3526 in
294 3462 360 3526 suis
382 3458 473 3524 libris
496 3457 729 3546 Harpocration
750 3455 923 3546 repererit?

183 3699 265 3788 Peg.
297 3694 351 3765 59.
388 3697 420 3766 4.
455 3696 698 3786 (Neoptolemus
733 3699 860 3784 histrio)
892 3699 998 3776 ἐπειδὴ
1036 3700 1089 3767 isch
1123 3703 1179 3777 rho
1213 3701 1328 3783 εἰρήνην

138 3806 246 3878 ύδεόοις
270 3803 381 3887 ἔτυχεν
406 3801 441 3880 ἣν
464 3804 570 3873 lutolde
594 3806 739 3880 ἐκέκτητο
763 3806 869 3871 ούσόαν
891 3807 1030 3888 φανερὰν
1053 3805 1172 3882 ταύτην
1194 3805 1327 3889 ἐξαργυ-

137 3913 224 3994 ρίσας
253 3914 339 3994 πρός
382 3913 490 3978 ἐκεῖνον
531 3911 747 3999 (Philippum)
782 3913 956 3978 ύπΑΓΩΝ
988 3911 1122 3993 οἴχεται.
1176 3911 1329 3992 Ἀτοόγων

138 4016 237 4106 quidl
283 4021 334 4085 An
368 4019 423 4093 rto
457 4018 596 4102 φανερὰν
627 4013 755 4082 sortes?
797 4018 981 4085 Absurdum
1015 4020 1076 4086 hoc
1110 4019 1239 4105 quidem
1269 4026 1329 4087 est.

138 4125 386 4212 Simplicissima
405 4127 596 4192 correctione
614 4124 831 4211 reponendum
852 4126 925 4203 πρός
946 4125 1055 4193 ἐκεῖνον
1073 4125 1228 4192 ἈΠΙΩΝ
1248 4125 1330 4206 οἴχε-

138 4257 201 4298 ται.
250 4231 394 4314 Οόχομαι
417 4233 516 4298 stricta
538 4233 657 4318 passim
682 4229 821 4319 legitur,
845 4229 949 4296 veluti
972 4232 1056 4318 apud
1078 4231 1328 4299 Demosthenem

137 4359 210 4428 pag.
234 4337 289 4406 81.
313 4335 368 4404 22.
392 4347 490 4423 σιωπῇ
513 4336 657 4410 ἀπιόντες
683 4333 809 4419 ᾤχοντο.
833 4335 996 4425 pagens.
1018 4335 1072 4402 18.
1099 4337 1192 4422 ᾤχετ’
1210 4339 1325 4422 ύτιύν,

138 4451 170 4514 at
191 4443 283 4516 alibi.
