3348 5086
321 495 354 554 et
365 514 400 566 μ.
422 487 497 556 312.

479 597 504 661 εἰ
530 594 561 660 δέ
584 619 636 674 μοι
661 606 717 661 OT
741 598 857 664 τίσουσι
881 597 959 676 βοῶν
985 595 1106 662 ἐπιεικέ’
1130 596 1283 676 οὶμοιβύν,

478 701 610 780 δύσομαι
634 703 676 774 εἷς
700 704 809 770 Ἀΐδεω
834 703 888 769 καί
911 702 939 767 κ’
963 703 992 766 ἐν
1016 702 1152 768 νεκύεσσι
1176 703 1306 784 φαείνοι.

366 806 487 872 Eodem
517 811 619 896 igitur
647 809 743 875 modo
773 815 806 874 et
827 831 911 874 nunc
937 809 1078 874 dixerat:
1102 810 1127 873 εἰ
1160 808 1211 872 καὶ
1236 814 1285 872 νῦν
1309 810 1443 884 ἀνιήσεις
1470 845 1511 855 -

322 913 402 993 dode
433 923 517 979 o'rl(
548 914 669 992 ἔξεισθα
703 915 819 996 θύραζε.
867 914 931 980 Sed
962 915 1026 980 alia
1057 915 1207 979 machina
1229 936 1268 980 ex
1291 914 1434 980 Homero
1457 914 1513 978 ob·

321 1023 444 1086 moveri
465 1024 583 1106 poterit
602 1021 642 1086 ad
661 1022 830 1110 vulgatam
848 1022 1086 1087 defendendam.
1110 1020 1236 1086 Dixerit
1255 1021 1370 1107 aliquis
1391 1023 1513 1085 eandem

321 1128 512 1191 sententiam
540 1128 644 1191 iisdem
674 1129 779 1194 verbis
810 1134 994 1213 conceptam
1024 1127 1087 1192 alio
1118 1127 1188 1193 loco
1218 1131 1265 1194 ita
1294 1127 1379 1216 legi,
1403 1133 1443 1192 ut
1465 1127 1511 1191 ἔτι

321 1234 443 1297 mutari
464 1252 527 1297 non
549 1235 666 1318 possit,
690 1259 721 1299 τ.
747 1233 798 1299 66.

502 1337 592 1415 ξεῖν’,
617 1337 661 1404 ἔτι
685 1340 738 1404 καὶ
763 1345 813 1405 νῦν
836 1340 932 1406 ἐνθάδ’
955 1340 1088 1415 οὶνιύσεις
1114 1341 1165 1406 διύι
1189 1339 1287 1405 νύκτα

505 1445 623 1511 δινεύων
647 1447 733 1511 κατοὶ
756 1455 847 1512 roim
870 1447 1044 1519 ὀπιπεύσεις
1069 1447 1100 1511 δὲ
1126 1455 1298 1524 γυναῖκαςς

504 1553 580 1617 ἀλλ’
605 1549 707 1628 ἔξελύε
733 1551 856 1638 θύραζε,
880 1553 1000 1631 τύλαν,
1025 1553 1078 1617 ιια1
1103 1552 1205 1625 δαιτὸς
1230 1551 1314 1626 ύνιισο

506 1660 523 1735 ἢ
546 1657 640 1740 τύχα
664 1660 716 1724 καὶ
740 1660 822 1740 δαλῷ
846 1659 1043 1740 βεβλημένος
1067 1655 1154 1724 εἷσύα
1178 1658 1296 1740 ύύραζ.

324 1763 379 1830 sed
404 1784 599 1850 quamquam
619 1767 791 1850 persimilis
814 1767 903 1832 locus
926 1772 975 1832 est
998 1772 1106 1830 tamen
1129 1767 1301 1830 sententiae
1325 1765 1516 1850 compositio

324 1877 373 1936 ost
390 1869 483 1956 plane
504 1871 644 1955 diversa,
667 1877 699 1936 et
725 1872 898 1958 probabilis
919 1875 1056 1958 suspicio
1075 1877 1123 1936 est
1140 1871 1285 1937 librarios
1301 1871 1387 1935 hunc
1406 1869 1518 1936 locum

325 1977 450 2042 ἔναυλον
474 1975 604 2056 ἔχοντας
628 1998 684 2064 pro
703 1977 796 2057 ξεῖν’,
824 1988 862 2043 el
886 1979 938 2044 xci
964 1985 1015 2043 νῦν
1034 1981 1213 2064 reposuisse
1232 1978 1325 2062 ξεῖν’,
1346 1980 1435 2042 ἜΤΙ
1460 1977 1515 2042 καὶ

326 2090 386 2149 νῦν.
433 2083 591 2169 Equidem
615 2089 647 2148 et
669 2086 737 2171 ipse
759 2087 793 2149 in
816 2106 923 2150 meam
946 2106 1016 2150 rem
1039 2084 1181 2150 Homero
1206 2084 1397 2150 denuntiabo
1423 2085 1514 2148 testi-

324 2192 470 2256 monium
494 2189 526 2268 β.
555 2189 629 2255 115.

464 2305 503 2360 ΕΙ
527 2297 552 2362 δ’
579 2295 621 2361 ἔτ’
647 2299 762 2373 ύνιήσει
784 2323 824 2376 γε
848 2298 945 2364 πολὺν
967 2296 1074 2379 χρόνον
1098 2292 1166 2370 νῖας
1192 2298 1350 2377 Ἀχαιῶν,

325 2403 383 2467 ubi
414 2401 575 2487 apodesis:
608 2407 661 2469 ούκ
691 2403 850 2480 ἀνέξονται
878 2407 904 2470 οἱ
935 2413 1085 2484 μνηςιῑρες
1106 2404 1195 2470 ἀλλὰ
1217 2405 1286 2482 βίον
1308 2428 1343 2468 τε
1368 2405 1435 2469 τεδν
1459 2405 1511 2469 ιια1

326 2507 462 2585 κτήματ’
489 2507 605 2574 ἔδονται
630 2510 693 2575 alia
713 2513 888 2578 sentcntiae
911 2511 1157 2576 conformatione
1177 2513 1324 2576 vadavit.

862 2823 976 2890 XLVI.

781 3033 882 3099 Inna
916 3045 954 3099 Θ.
982 3033 1056 3100 153.

439 3247 522 3326 εἴπεο
546 3245 609 3327 γάρ
631 3248 659 3311 σ’
684 3248 803 3327 Ἕκτωρ
826 3270 866 3324 γε
890 3249 984 3312 κακὸν
1008 3247 1059 3312 ιια1
1085 3244 1240 3311 οὶνοὶλκιδα
1264 3244 1374 3328 φύσΕΙ

438 3355 512 3418 αλλ’
538 3355 571 3418 ού
595 3352 752 3418 πεύσονται
777 3358 889 3433 Τρῶες.

324 3481 433 3526 veram
463 3459 632 3524 lectionem
663 3460 783 3543 aperiet
814 3461 975 3523 annotatio
998 3457 1038 3521 ad
1061 3467 1099 3522 A.
1127 3455 1202 3522 129.
1228 3456 1264 3520 αἵ
1285 3458 1318 3521 xl
1343 3459 1410 3522 ποθι
1436 3458 1512 3530 Ζεὺς

326 3575 469 3643 Amet,
494 3565 550 3630 ubi
573 3563 680 3629 Zoilus
703 3571 735 3628 et
758 3560 956 3650 Chrysippus
976 3566 1139 3648 perinepte
1157 3562 1226 3626 δῶσι
1245 3563 1412 3651 legebant,
1434 3585 1512 3650 quos

324 3673 516 3759 redarguens
540 3667 677 3736 Oriticus
700 3672 803 3734 nescio
826 3673 898 3755 quis
921 3672 968 3734 ita
991 3670 1115 3734 scribit:
1141 3668 1185 3738 ἔτι
1210 3671 1244 3734 τὸ
1271 3679 1394 3736 Asslcl
1420 3671 1512 3736 ἓνικδν

326 3776 538 3856 ἐκτεταμένον.
564 3815 605 3825 -
630 3776 762 3842 τοιοῦτόν
786 3777 831 3844 ἔτι
856 3775 908 3840 καὶ
934 3776 962 3838 ἐν
988 3773 1156 3860 Ὀδυσσεία
1180 3778 1225 3861 (οι.
1253 3775 1341 3862 168).

736 3890 877 3947 ΦΗΙΕΙΝ
902 3881 1090 3946 ε’λεύσεσύαι.

328 3991 379 4058 καὶ
404 3991 438 4055 τὸ
463 3991 497 4072 (ι.
522 3987 612 4076 318.)

440 4094 539 4160 εύσύιιε
562 4119 612 4173 μοι
636 4097 729 4172 μύλα
753 4094 858 4160 πολλὰ
882 4097 984 4173 πατὴρ
1007 4095 1227 4160 οὶτοΔΩΙΕΙΝ
1251 4092 1362 4162 ἔεεδνα.

329 4203 489 4271 ιιοὶνταῦύα
513 4203 575 4282 γαρ
600 4200 741 4281 erote.
767 4203 809 4266 διὸ
833 4203 885 4264 καὶ
910 4200 944 4264 τὸ
970 4211 981 4264 1
1005 4199 1074 4281 ἔχει
1104 4202 1325 4280 προσκείμενον.
1373 4205 1513 4290 Uterque

327 4313 416 4379 locus
439 4311 472 4372 in
495 4308 586 4373 libris
609 4310 725 4372 nostris
748 4312 914 4392 corruptus
937 4307 1011 4371 hinc
1028 4309 1063 4370 in
1084 4309 1247 4394 integrum
1266 4313 1435 4379 restitutus
1455 4321 1511 4380 cst.

327 4418 488 4488 Ridebatur
511 4416 597 4480 enim
621 4414 866 4490 1ιὶοο1ποδύσει,
891 4413 960 4478 illic
983 4414 1075 4495 Φύσει
1100 4413 1152 4480 vel
1176 4416 1280 4498 φησΙν.
