3356 5084
706 363 772 432 463

142 558 323 635 σωφρονεῖτε
346 554 399 624 rel
422 555 460 620 δν
484 559 657 638 σωφρονῆτε
681 558 794 641 suopte
815 557 931 622 netum
951 577 1025 621 oum
1036 565 1155 646 sutoro
1175 557 1336 643 componi·

143 667 209 739 tur,
238 669 278 728 ut
308 665 343 728 in
373 663 492 730 vicinis
515 682 590 750 psg.
615 657 669 728 72.
694 659 748 727 20.
781 656 883 741 ύςερον
905 661 1132 743 βουλεύσεσθε,
1155 663 1194 732 ov
1219 669 1336 745 σωφρο-

142 776 228 854 νῆτε,
252 773 286 836 st
307 771 483 836 sexcenties
505 767 595 835 olibi.
621 767 661 834 of.
685 767 763 833 Noo.
786 768 880 834 Leott.
905 789 979 858 psg.
1006 770 1085 839 523.

186 978 327 1048 Evidens
360 985 393 1046 et
425 981 627 1065 perineptum
660 976 821 1044 emblema
849 998 882 1063 p.
915 975 969 1046 77.
1000 977 1056 1048 28.
1087 987 1146 1047 τῶν
1180 981 1337 1058 διοικήσειν

149 1084 352 1174 [μελλόντων]
383 1124 423 1134 -
450 1085 691 1168 ύτεσχκμένων,
715 1085 862 1150 omnium
885 1104 1037 1152 consensu
1060 1085 1212 1154 Reiskr'us
1232 1089 1336 1154 eiecit.

144 1190 250 1279 Stipes
281 1213 343 1258 non
366 1191 449 1258 vidit
475 1191 632 1266 διοικήσειν
657 1190 880 1275 ὑπεσχημένων
903 1211 970 1257 esse
994 1193 1162 1260 coniuncte
1184 1199 1216 1260 et
1239 1192 1338 1258 stulte

144 1301 279 1365 inseruit
310 1299 394 1385 quod
423 1301 458 1363 in
489 1299 621 1388 buooom
645 1299 735 1366 venit
752 1294 943 1376 μελλόντων.
993 1297 1111 1366 Omnes
1132 1305 1240 1368 temen
1263 1298 1339 1364 libri

145 1411 177 1471 et
199 1403 223 1471 S
246 1405 306 1474 hoo
328 1405 456 1472 msoule
480 1405 591 1472 infecti
614 1410 699 1470 sunt.

187 1614 271 1703 Peg.
305 1614 359 1683 79.
390 1614 445 1683 20.
480 1613 535 1696 ἐφ’
569 1618 641 1693 ἡμῖν
665 1616 726 1695 γὰρ
751 1608 784 1688 ἦν
810 1615 827 1689 ἦ
850 1614 1029 1682 Μακεδονία
1053 1617 1105 1682 καὶ
1130 1616 1239 1700 φόρους
1264 1620 1337 1696 ἡμῖν

145 1718 261 1802 ἔφερον.
310 1720 397 1810 Lego
428 1725 503 1806 Ὑφ’
535 1725 619 1800 ἡμῖν.
667 1720 793 1786 Possim
823 1720 900 1787 hoeo
930 1726 1055 1809 praeter
1085 1724 1248 1810 scriptoris
1269 1745 1339 1790 seo·

144 1829 282 1894 tentiam
315 1829 435 1895 seriose
458 1828 663 1894 confundunt.
711 1825 809 1894 Reote
832 1827 984 1893 scribitur
1004 1849 1077 1917 pag.
1106 1827 1179 1895 104.
1206 1829 1259 1897 17.
1285 1828 1339 1912 ὑφ’

145 1934 228 2015 αύτῷ
239 1983 250 2013 ,
275 1945 308 2000 et
329 1938 449 2021 possim
473 1935 528 2014 ὑφ’
552 1935 636 2016 αύτῷ
660 1935 819 2000 ποιεῖσθαι.
866 1932 1022 2000 Peoostur
1045 1934 1156 2001 eodem
1180 1936 1276 2002 modo
1303 1938 1339 2001 in

145 2039 168 2106 8
186 2062 219 2128 p.
243 2039 319 2110 147.
340 2038 395 2108 27.
414 2039 488 2123 Ἐφ’
509 2043 592 2122 αύτῷ
612 2040 814 2116 ποιήσασθαι,
836 2039 1002 2106 emendate
1021 2043 1136 2108 oseteri
1154 2043 1230 2125 ’Ὑφ’
1242 2042 1338 2122 αύτῷ.

190 2250 274 2340 Peg.
304 2251 360 2318 80.
384 2251 438 2317 23.
461 2252 554 2316 ταῦτ’
578 2247 626 2318 οὖν
648 2249 739 2316 οἴεσθ’
764 2250 803 2316 ύον
828 2252 980 2318 Φίλιππον
1004 2252 1133 2330 ἀξιῶσαι
1158 2255 1241 2332 ύμᾶς
1263 2277 1338 2332 τνρ-

145 2367 288 2440 χυρῆσαι
311 2360 395 2441 αύτῷ
419 2360 445 2424 εἰ
465 2359 511 2437 μὴ
530 2357 612 2436 ὑμῶν
633 2359 690 2435 μὲν
710 2356 911 2444 κατεφρύνει,
932 2355 980 2432 οὓς
1000 2359 1027 2424 δ’
1048 2360 1151 2426 ε’νύύδε
1171 2363 1337 2444 προῄρηται

145 2466 257 2548 Φίλνυς
288 2467 453 2541 κεκτῆσθαι
485 2465 603 2534 τούτοις
636 2463 836 2538 meetseren
866 2464 1059 2532 Mendosum
1091 2471 1139 2532 est
1173 2466 1341 2537 διεπύςευεν

146 2581 178 2639 et
207 2574 270 2640 hoe
299 2572 369 2639 loeo
391 2578 425 2639 et
448 2593 523 2662 psg.
549 2569 625 2637 145.
651 2570 684 2636 2.
708 2570 860 2650 βασιλεὺς
887 2571 917 2638 δὲ
941 2570 1012 2638 καθ’
1036 2572 1129 2637 οούτὸν
1150 2571 1208 2651 μὲν
1233 2573 1339 2653 ὁμοίως

145 2678 266 2747 ύτασιν
285 2677 396 2752 ύπιςος
418 2675 472 2764 ἦν,
492 2678 562 2751 τοὺς
584 2677 614 2744 δὲ
636 2677 857 2766 κρατουμένους
877 2680 921 2760 τῷ
942 2679 1069 2760 πολέμῳ
1088 2679 1341 2758 προσλαμβάνων

146 2785 222 2870 ἄχρι
245 2781 280 2852 ού
299 2773 364 2858 τοῖς
389 2783 497 2866 ἑτέροις
522 2783 557 2862 ἐξ
579 2786 643 2850 ἴσον
663 2784 799 2859 ποιύσΛῙ
822 2786 1044 2862 ΔΙεπιςεύετο,
1066 2784 1163 2852 ἔπειτ’
1176 2789 1237 2868 οὐχ
1250 2784 1341 2865 ἦττον

147 2894 240 2960 αὐτὸν
273 2892 396 2969 ἐμίσουν
425 2891 474 2964 οὓς
502 2892 608 2956 σύσειε
632 2896 690 2956 τῶν
714 2889 913 2973 ὑπαρχόντων
938 2893 1051 2974 ύχύρύν
1075 2891 1110 2970 ἐξ
1133 2894 1244 2976 ἀρχῆς.
1292 2892 1342 2959 Ex

147 2996 263 3066 Graeci
286 3001 440 3065 sermonis
463 2997 609 3086 analogia
630 2997 797 3066 διατιτεύιο
821 2997 894 3084 plus
917 3003 965 3064 est
989 3019 1085 3084 quem
1105 3000 1219 3069 τιςεύω
1239 3005 1342 3066 notet-

147 3127 208 3192 que
239 3112 348 3171 oertom
380 3125 416 3170 se
431 3111 607 3190 perpetuam
630 3101 743 3170 fidem:
769 3104 783 3170 δ
807 3101 939 3171 πιτεύων
962 3104 1049 3168 tabet
1060 3106 1177 3188 fldem,
1204 3106 1342 3173 ύδιαντι-

147 3213 241 3280 ςεύιον
272 3212 315 3276 ad
342 3218 499 3278 extremum
531 3209 626 3277 fidem
658 3213 780 3278 servet:
812 3213 921 3295 itaque
956 3209 1130 3276 absurdum
1166 3219 1214 3278 est
1247 3211 1342 3297 μέχρι

147 3316 225 3391 τινὸς
263 3318 475 3385 ΔΙΑπιςεύειν
507 3321 539 3382 ot
570 3319 676 3402 inepte
707 3313 920 3398 (11011υτύχρι
946 3313 981 3382 ού
1002 3323 1065 3390 τοῖς
1091 3316 1198 3399 ἑτέροις
1223 3317 1258 3396 ἐξ
1278 3317 1343 3385 ἴσον

148 3424 286 3501 ποιύσΑΙ
319 3424 546 3501 ΔΙεπιςεύετο,
579 3421 635 3488 sed
667 3424 739 3508 quis
761 3440 825 3486 non
847 3423 959 3488 stetim
982 3422 1072 3490 videt
1095 3423 1253 3492 ἐπιεεύετο
1278 3445 1345 3491 esse

149 3529 325 3620 legendum
355 3536 388 3597 et
415 3538 460 3595 ΔΙ
485 3549 525 3596 ex
548 3537 592 3596 ΑΙ
615 3528 821 3616 praecedente
844 3525 1043 3595 adhaesisse?
1089 3529 1126 3595 ln
1148 3532 1252 3616 priore
1275 3530 1344 3598 loeo

148 3637 326 3704 seeundum
356 3638 499 3703 Attioom
528 3637 791 3721 compositionem
820 3643 877 3700 ΔΕ
900 3636 935 3699 in
957 3634 1087 3722 epodosi
1110 3641 1159 3703 est
1181 3635 1343 3723 duplicen-

149 3743 247 3809 dum:
279 3739 330 3816 οὓς
356 3743 383 3808 δ’
407 3741 511 3808 ἱνύύδε
535 3744 699 3826 epotetur
722 3742 835 3824 φίλους
858 3741 1023 3814 κεκτῆσθαι
1056 3742 1173 3814 τούτοις
1202 3743 1243 3807 Δ’
1276 3743 1344 3809 ἐπί-

149 3874 246 3918 τσνεν.
293 3845 470 3914 Subiioiam
501 3847 587 3914 looos
617 3846 770 3933 quosdam
796 3846 1021 3914 Demosthenis
1040 3849 1096 3914 ubi
1118 3850 1196 3916 hoec
1220 3849 1346 3922 dioendi

153 3955 349 4023 consuetudo
372 3956 537 4041 perspicue
560 3958 707 4040 eppsret:
731 3973 805 4042 pag.
832 3952 908 4019 100.
933 3951 986 4020 21.
1007 3955 1157 4041 (repetito
1178 3953 1254 4022 135.
1276 3954 1345 4042 17.)

151 4067 210 4130 τῶν
242 4061 300 4140 μὶν
331 4061 361 4125 ἐν
392 4061 500 4146 Θρρὶκρ
522 4065 623 4126 κακῶν
647 4096 690 4109 -
715 4058 828 4125 τούτων
851 4068 947 4125 ΜΕΝ
972 4061 1142 4139 ἐπιθυμεῖν.
1167 4081 1240 4150 pag.
1269 4062 1345 4130 113.

149 4167 204 4237 29.
236 4159 264 4235 οἳ
294 4167 441 4243 ἐποίησαν
471 4165 530 4246 μέν
553 4203 596 4216 -
621 4164 744 4240 τούτους
776 4173 883 4232 ΜΕΝ.
915 4186 990 4254 pag.
1015 4165 1092 4234 217.
1117 4164 1149 4233 2.
1174 4165 1212 4234 δν
1235 4169 1292 4248 μέν
1316 4195 1345 4236 τι

153 4313 194 4325 -
219 4279 311 4340 τοῦτο
341 4282 437 4340 ΜΕΝ
460 4310 525 4352 -,
556 4273 610 4338 ἑοὶν
641 4269 673 4338 δέ
702 4295 732 4338 τι
758 4309 800 4320 -
824 4276 914 4337 τοῦτο
947 4282 1014 4339 ΔΕ.
1045 4293 1121 4362 pag.
1154 4273 1251 4342 1182.
1292 4273 1345 4344 17.

151 4379 175 4449 ύι
207 4381 265 4460 μὶν
295 4379 479 4460 ύμνλύγνρσε
503 4416 548 4438 -.
569 4380 683 4445 τούτων
715 4385 812 4445 ΜΕΝ
843 4379 916 4457 μηδ’
939 4378 1036 4445 ύτιοῦν
1060 4389 1164 4446 ποιεῖν.
1191 4401 1264 4471 pag.
1291 4383 1347 4452 90.

151 4489 207 4556 20.
239 4485 300 4554 ύσα
334 4485 432 4553 δέ-
457 4485 525 4569 περὶ
557 4486 671 4554 τούτων
702 4493 769 4553 ΔΕ.
800 4504 876 4573 pag.
907 4482 986 4553 837.
1013 4482 1065 4553 17.
1098 4487 1196 4564 αύτίρν
1226 4489 1258 4555 δὲ
1292 4493 1347 4567 τὴν
