3356 5084
727 365 794 433 495

165 553 351 622 Dindortius
372 554 506 640 διῄρηκεν
530 555 712 630 substituit,
737 559 866 621 sanutus
890 554 1089 635 Dobrasum,
1114 559 1169 644 qui
1187 579 1273 625 nuno
1293 557 1362 644 qui-

167 660 241 727 dam
265 661 402 729 fallitur.

213 775 352 848 Διαιρεΐν
374 774 407 835 st
431 767 564 850 διορίζειν
587 767 626 834 ds
647 766 721 856 legs
740 769 921 854 promissus
945 774 978 836 at
1004 769 1116 835 sudam
1136 791 1229 838 ssnsu
1248 770 1366 837 dicitur

169 874 255 961 apud
277 895 405 951 ostansa,
429 874 487 942 ubi
510 897 558 940 τοο
580 874 716 940 diversas
735 874 963 957 άίείίιιρινιιιιίυν
984 881 1017 942 et
1036 878 1165 943 omnino
1182 877 1241 944 ubi
1258 875 1364 942 άίεστί-

169 1004 234 1046 νουσιν
263 982 389 1068 aliquod
417 981 610 1046 constituitur
617 1028 626 1059 ,
658 978 846 1061 διαγορεύειν
877 985 986 1048 contra
1018 987 1066 1049 sst
1092 983 1219 1060 άίοσσίσ,
1244 982 1366 1048 disertis

170 1089 267 1153 vertis
297 1089 406 1154 dicere.
450 1088 522 1154 Ηοο
552 1089 581 1152 si
612 1087 734 1152 tenebis
765 1087 942 1153 scribarum
971 1108 1089 1154 errores
1112 1089 1231 1173 ubique
1252 1088 1364 1153 statim

171 1194 383 1280 deprehendes,
413 1193 518 1260 veluti
547 1195 582 1258 in
610 1192 680 1260 loco
710 1198 834 1260 nostro:
869 1194 884 1258 ί
915 1193 1004 1274 κίρκος
1037 1195 1215 1275 διείρηκε
1245 1192 1363 1274 μηδένα

172 1297 249 1366 εἶναι
284 1302 485 1382 τριηραρχίας
508 1302 624 1378 άτελῆ,
649 1300 725 1384 quis
744 1299 914 1366 manifesto
938 1301 1056 1367 dicitur
1084 1300 1136 1367 lex
1159 1300 1280 1365 disertis
1301 1321 1365 1364 νοτ-

172 1408 218 1472 tis
248 1406 283 1478 id
312 1407 439 1483 iubare,
469 1405 640 1492 vulgatam
669 1425 799 1472 movere
830 1426 894 1473 non
928 1410 1079 1493 oportuit.
1138 1405 1297 1473 Similiter
1330 1408 1365 1470 in

174 1513 274 1580 altero
303 1513 373 1580 loeo
395 1513 440 1590 μίν
463 1511 625 1592 δοειρῆσίαι
650 1507 719 1576 δτου
743 1511 859 1597 άτελῆ,
884 1515 1034 1598 quoniam
1059 1513 1169 1580 nullus
1192 1517 1240 1579 ast
1262 1511 1366 1591 διορισ-

172 1617 248 1698 att,
273 1618 329 1685 ssd
351 1618 412 1685 hos
434 1617 514 1684 dicit
537 1615 650 1683 Orator
672 1637 736 1683 non
759 1637 826 1683 asse
845 1617 880 1683 id
900 1620 935 1684 in
953 1617 1027 1707 legs
1045 1641 1177 1704 οσριονοο
1195 1620 1366 1704 seriptum,

173 1727 274 1792 satius
297 1729 365 1791 srat
387 1723 557 1812 vulgatam
579 1743 643 1789 non
665 1726 806 1810 tangens.

216 1831 366 1898 Eximius
394 1832 429 1896 in
459 1831 541 1895 hans
571 1849 641 1895 rem
671 1833 705 1895 st
735 1828 951 1902 διδσοναηινίο
983 1829 1073 1896 locus
1094 1835 1143 1896 ast
1165 1831 1199 1894 in
1221 1828 1366 1896 Platonis

173 1939 301 2022 Leuibus
329 1958 404 2025 pag.
435 1935 554 2002 933.1s.
585 1934 630 2000 τά
655 1935 713 2014 μὲν
743 1935 902 2015 θανάσιμα
924 1938 1025 2002 αὐτῶν
1055 1935 1278 2016 διείρηται,
1308 1940 1367 1999 τῶν

174 2043 200 2108 δ’
230 2041 337 2109 ἄλλων
367 2043 435 2123 τέρι
455 2080 497 2092 -
520 2041 602 2108 οὐδέν
636 2065 682 2106 τοι
716 2043 921 2123 διερράίη,
955 2047 987 2108 st
1015 2061 1092 2108 mox
1123 2041 1286 2123 ἕτίσχουσι
1313 2041 1368 2115 την

175 2147 386 2231 διάρρησιν
420 2153 453 2214 st
487 2149 530 2214 τά
565 2153 617 2214 νῦν
651 2147 868 2229 διαρρήδην
903 2147 1044 2227 είοτομεν,
1080 2152 1112 2214 st
1142 2167 1217 2235 pag.
1241 2145 1318 2214 813.
1334 2165 1367 2212 Δ.

174 2257 320 2336 διείρηται
345 2255 460 2321 πάντα.
484 2291 525 2304 -
544 2255 643 2330 άληίῆ
666 2253 718 2319 καὶ
743 2259 850 2321 ταῦτα
874 2254 1036 2336 διείρηκας.
1071 2253 1191 2320 Eadem
1216 2259 1264 2320 est
1286 2255 1367 2320 ratio

174 2365 209 2428 in
241 2361 340 2428 vsrbo
367 2360 544 2441 άνοιχορειίον
576 2360 615 2426 da
640 2381 790 2445 ,οιονοοιιο
820 2360 920 2446 (idsm
954 2361 1038 2446 quod
1073 2359 1244 2440 κηρύττω),
1275 2361 1366 2425 auius

175 2469 296 2536 formas
326 2471 402 2534 sunt
431 2468 542 2547 άνερῶ,
572 2468 713 2542 άνεΐτου,
736 2467 900 2551 άνείρηκα,
925 2467 1105 2549 άνείρηρααι,
1131 2466 1309 2546 άνερριίίην,
1334 2470 1366 2532 at

174 2574 353 2656 άνάρρησις,
386 2571 576 2655 άυάρρημα.·
609 2573 673 2640 His
705 2595 829 2661 quoque
859 2573 1004 2654 άνείρηκα
1035 2577 1068 2639 st
1091 2573 1227 2655 άνηίρηκα
1250 2574 1366 2658 parmi-

174 2687 309 2749 susntur.
342 2700 415 2768 pag.
450 2676 528 2745 436.
553 2677 606 2744 25.
632 2678 671 2746 ds
694 2680 840 2763 oraculo,
864 2679 888 2744 εί
912 2680 970 2757 μὲν
993 2679 1090 2744 τοίνυν
1116 2677 1153 2767 (οἱ
1177 2677 1248 2764 tasi)
1274 2694 1366 2744 τολε-

175 2789 312 2868 μούντων
345 2787 428 2864 ὑμῶν
457 2787 551 2850 ταῦτ’
582 2786 776 2868 άνηράκασιν.
801 2789 907 2863 rests,
932 2788 1066 2865 άνοιιρείν
1090 2787 1176 2851 snim
1201 2787 1367 2872 proprium

176 2897 211 2961 in
235 2915 273 2961 sa
294 2914 329 2959 re
351 2892 488 2958 verbum
511 2895 578 2976 est,
602 2891 657 2958 ssd
679 2895 713 2958 in
736 2891 759 2958 S
783 2897 832 2957 ast
855 2891 1080 2976 άνεῐρήιιοισιν,
1105 2893 1172 2957 sins
1194 2911 1298 2957 sensu.

221 2998 332 3068 Simili
353 2998 449 3064 modo
472 3004 621 3084 pausatur
643 3019 718 3087 pag.
744 2996 821 3064 641.
847 2995 879 3061 2.
905 2994 980 3061 ἄλλ’
1003 2995 1090 3061 άττοι
1115 2995 1323 3076 διείρηκεν
1346 2989 1368 3064 ά

176 3107 239 3189 χρη
263 3115 403 3182 ποιῆσαι,
430 3103 574 3171 Dindorf.
599 3102 781 3170 Dobraeum
804 3107 932 3169 assutus
952 3123 1117 3189 perperam
1143 3103 1278 3186 διῄρηκεν
1298 3125 1369 3191 sup-

177 3215 295 3300 posuit.
341 3210 422 3299 Pag.
455 3207 532 3274 666.
560 3207 613 3275 13.
638 3211 681 3292 τῷ
705 3209 851 3291 ςρατηγῷ
875 3211 908 3274 οὐ
933 3207 1138 3290 διείρηται
1165 3212 1197 3275 τί
1220 3208 1370 3291 πρακτέον

180 3317 197 3394 ἢ
230 3316 294 3394 μοί,
326 3314 468 3382 Dindort
501 3337 540 3382 ax
569 3314 662 3383 libris
691 3315 899 3382 deterioribus
922 3313 1008 3380 mals
1031 3315 1200 3381 substituit
1223 3316 1370 3399 διῄρηται.

175 3422 256 3511 sag.
290 3418 368 3487 976.
402 3418 457 3485 28.
481 3417 558 3486 οἷίτοο
583 3425 692 3503 σαφῶς
716 3421 730 3486 1
754 3421 843 3500 νίμος
883 3419 1104 3502 διείρηκεν,
1134 3421 1278 3488 Dindorf.
1301 3442 1371 3507 per·

177 3547 268 3595 varas
298 3527 434 3609 διηίρηκεν
464 3524 554 3591 dedit
576 3529 767 3594 auctoritate
788 3525 966 3614 magistelli
989 3527 1046 3612 qui
1069 3530 1251 3594 annotavit:
1275 3528 1306 3592 ἐν
1328 3529 1371 3608 τῷ

178 3629 250 3707 ἦτα
284 3633 353 3697 άντ1
396 3637 449 3698 τοῦ
489 3630 732 3712 διεχώρισεν
767 3635 843 3714 (uisi
878 3632 959 3698 forts
994 3631 1123 3714 διάριοεν
1158 3632 1259 3712 dixit,
1295 3654 1371 3699 uam

178 3739 351 3820 διεχώρισεν
381 3737 474 3824 plana
505 3739 651 3823 ineptum
678 3738 752 3826 ast).
799 3737 898 3804 Reate
923 3742 956 3803 st
979 3757 1037 3804 suo
1061 3736 1275 3827 loculegitur
1296 3760 1372 3829 pag.

181 3844 280 3912 1115.
306 3845 358 3911 14.
383 3845 397 3910 b
420 3843 509 3922 κίρκοι
543 3842 712 3919 διεῖλεν,
754 3847 757 3852 ’

224 4061 302 4144 Pag.
334 4050 411 4120 470.
443 4051 494 4119 19.
529 4052 676 4134 ίευρεῖτε,
707 4048 729 4117 ὦ
762 4050 866 4134 ἄνδρες
898 4055 1071 4130 ’Λίηναῖον,
1104 4048 1163 4118 ὅσα
1185 4054 1372 4137 ψηφίσματ’

180 4161 279 4244 άοιυρα
311 4169 393 4226 τοιεῖ
420 4161 434 4226 1
465 4157 554 4238 κίρκος
586 4159 640 4225 καὶ
671 4154 762 4231 tenu
794 4160 964 4241 άνίράτους
996 4159 1097 4226 άδικεῖ
1124 4159 1178 4224 καὶ
1207 4160 1238 4226 ίν
1261 4161 1371 4234 ὁποίοις

181 4275 295 4349 καιροῖς
319 4266 490 4348 χρησίμους
515 4266 588 4344 ὑμῖν
610 4264 836 4346 ταρασχίντας
863 4264 1001 4337 ἑαυτούς.
1039 4263 1221 4332 Dobraaus:
1247 4269 1374 4346 ,ικοίίοιι

179 4373 255 4446 οἵους
287 4369 466 4453 άνίροίτονς.
514 4371 666 4437 Νινοοεοιιε
696 4372 773 4436 satis
803 4372 958 4438 νἰνάὶοοίιοτ
982 4395 1041 4458 per
1064 4366 1123 4436 ίσοο
1144 4373 1374 4458 tinctionem?

178 4480 382 4548 Beatissimo.
