3296 5104
886 325 929 402 58

313 521 510 601 ποιησάμενοι
541 523 597 597 τὴν
628 522 740 605 εθριὶνιρν
763 521 886 605 ἔχοντος
912 527 986 602 ἐμοῦ
1010 525 1064 598 τὴν
1089 523 1177 590 πύλιν
1201 521 1287 608 κᾷτα
1310 519 1532 604 συμμαχίαν

314 629 364 694 ἐπὶ
389 637 460 702 ταῖς
485 629 599 700 αύτοοΐς
622 629 814 708 ὁμολογίαις.
858 627 1033 719 corrigunt
1055 630 1259 709 ε’γνύκΛΤΕ,
1280 629 1334 694 sed
1353 627 1417 693 looi
1440 650 1533 694 sen·

314 740 415 802 tentia
444 735 532 801 aliud
563 735 715 820 postulat.
761 735 833 802 Non
863 740 950 803 enim
983 738 1109 802 disertis
1141 737 1247 803 verbis
1269 734 1415 820 Philippi
1444 755 1533 800 esse

314 840 537 928 Amphipolim
569 841 777 908 Athenienses
810 848 1025 930 agnoverunt,
1056 842 1110 908 sed
1141 863 1180 907 ex
1204 843 1299 907 certis
1320 841 1460 906 indiciis
1490 845 1532 905 et

315 949 515 1035 argumentis
534 964 681 1013 rannone
701 967 753 1014 eos
772 951 818 1013 ite
837 951 971 1014 sentire:
992 968 1104 1034 paoem
1117 951 1377 1032 composuerant,
1390 945 1530 1012 deinde

317 1057 350 1119 et
379 1051 458 1118 belli
487 1055 672 1121 societatem
702 1056 871 1120 iunxerant
893 1075 931 1120 ea
951 1055 1024 1142 lege
1047 1052 1101 1136 ἐφ’
1127 1048 1148 1134 ᾧ
1173 1077 1209 1118 τε
1233 1050 1316 1134 ἔχειν
1341 1051 1525 1131 ἑκατέρους

315 1155 336 1226 ά
370 1156 485 1238 ἔχοιεν,
519 1163 551 1224 et
580 1164 648 1224 erat
674 1164 747 1224 tum
770 1159 974 1246 Amphipolis
995 1163 1029 1226 in
1051 1165 1208 1246 potestate
1234 1159 1397 1244 Philippi,
1422 1157 1529 1222 unde

313 1263 437 1349 liquido
467 1280 658 1330 oonnromou
686 1265 895 1331 Athenienses
923 1268 958 1332 in
981 1287 1018 1331 ee
1041 1268 1198 1331 sententio
1220 1284 1287 1330 esse
1309 1284 1407 1349 quam
1429 1263 1528 1329 Phi-

314 1368 422 1455 lippus
445 1369 542 1435 dicit:
567 1391 647 1457 quae
670 1375 827 1438 sententie
845 1373 936 1437 utin
956 1373 1063 1438 verbis
1082 1374 1281 1438 contineatur
1292 1369 1526 1456 supplendum

316 1481 386 1542 eet:
412 1477 625 1558 lyooxOTGC
649 1479 823 1563 (Φαθνεοθε)
847 1477 969 1550 δικαίως
994 1475 1079 1559 ἔχειν
1104 1479 1198 1557 ἡμᾶς.

362 1684 441 1776 Peg.
469 1686 543 1753 165.
571 1685 622 1752 13.
643 1690 682 1760 ιθς
703 1689 735 1753 δὲ
755 1687 1009 1769 προϋπαρχόντων
1029 1687 1081 1753 καὶ
1101 1688 1153 1753 διά
1171 1689 1226 1760 τὴν
1248 1689 1323 1766 ἐμὴν
1335 1687 1522 1767 εὐλάβειαν

315 1797 439 1873 μάλλον
463 1792 517 1868 ἤδη
541 1801 604 1867 τοῖς
629 1793 814 1873 πράγμασιν
838 1794 1050 1873 ἐπιτιθεμένων
1073 1793 1126 1859 καὶ
1149 1795 1217 1858 καθ’
1235 1789 1302 1859 ύσον
1321 1792 1359 1858 άν
1381 1793 1519 1868 δύνησθε

316 1899 577 1977 κακοποιούντων,
611 1901 710 1977 oenc
741 1900 921 1979 άμννούμοοι
953 1902 1039 1979 μετά
1070 1905 1123 1965 τού
1152 1901 1267 1966 δικαθον
1327 1899 1517 1965 Pronomen

317 2007 352 2072 in
381 2005 500 2073 ultima
530 2011 620 2092 parte
641 2005 757 2072 inutile
781 2012 814 2072 et
835 2027 1069 2093 supervacuum
1091 2009 1252 2092 inpriore
1274 2011 1364 2092 parte
1387 2005 1516 2071 deside-

316 2117 406 2180 ratur
429 2133 530 2200 quum
554 2116 597 2178 sit
615 2115 835 2179 neeessariam.
873 2112 984 2199 Itaque
1004 2113 1245 2201 corrigendum:
1267 2112 1514 2177 κακοποιούντων

317 2217 449 2297 ύμΩΝ,
486 2219 675 2296 άμννούμαι.
724 2217 934 2304 Opponuntur
967 2221 1052 2286 inter
1086 2239 1120 2284 se
1152 2218 1306 2300 ὑπάρχειν
1343 2215 1513 2304 (Graeculi

315 2344 482 2410 perperam
506 2322 730 2412 προϋπάρχειν)
756 2330 789 2389 et
811 2324 982 2402 άμύνεοθοοι
1003 2326 1071 2392 sive
1091 2326 1308 2405 τιμωρεῖσθαι,
1329 2328 1367 2390 ut
1385 2325 1420 2390 in
1432 2328 1511 2389 nolo

317 2428 493 2497 versiculo:

567 2536 606 2608 ύς
629 2537 690 2617 ούχ
715 2531 861 2617 ὑπάρχον
884 2536 972 2606 άλλά
995 2537 1229 2619 τιμωρούμενοι.

317 2637 458 2724 soletque
480 2643 654 2728 utrumque
677 2643 811 2708 verbum
834 2642 977 2710 absolute
1000 2646 1046 2710 eie
1069 2644 1223 2730 usurpari.

677 2893 679 2900 v
715 2863 811 2920 ΠΕΡΙ
837 2865 1109 2926 ΟΤΝΤΑΞΕΩΕ.

363 3065 514 3153 Sequitur
536 3069 637 3134 oratio
655 3067 723 3147 περὶ
743 3067 934 3148 συντάξεως,
954 3070 994 3136 (le
1012 3090 1076 3155 qna
1093 3069 1258 3136 verissime
1277 3067 1398 3134 iudicet
1418 3066 1454 3134 F.
1468 3069 1504 3134 A.

317 3171 451 3239 Wolfiue
471 3174 555 3259 apud
574 3172 793 3241 Dindorfium:
816 3176 933 3253 „oratio
951 3197 1026 3261 quoe
1045 3174 1221 3239 οόιεοούθύθοισ
1240 3174 1306 3254 περὶ
1321 3172 1504 3252 συντάξεως,

316 3280 520 3346 Demosthenis
548 3303 607 3345 ooo
636 3287 696 3355 oet,
729 3282 782 3346 eod
813 3305 848 3346 ιο
877 3280 950 3346 olit'a
982 3282 1063 3360 οιόιο,
1096 3281 1221 3346 omme
1256 3281 1374 3366 otpolt.
1398 3279 1455 3346 III.
1480 3287 1507 3344 ιθ

317 3387 520 3452 Aristocraten
543 3385 580 3450 ob
604 3386 706 3472 abipso
730 3388 924 3452 declamatore
946 3387 1077 3454 oooeolr'a
1092 3387 1208 3472 ροοιιιύο
1231 3386 1394 3471 οοιιρῖιοθιο.η

362 3493 436 3560 Non
458 3496 507 3558 eet
529 3494 629 3558 oratio
652 3493 689 3556 ύο
707 3515 769 3576 rep.
790 3494 976 3580 ordinando,
997 3493 1052 3560 sed
1072 3493 1138 3574 περὶ
1158 3493 1218 3556 τῶν
1238 3495 1378 3572 θεωρικῶν
1391 3491 1505 3573 πύτερα

317 3599 378 3680 χρὴ
402 3599 591 3679 ςρατιωτιιιύι
621 3591 698 3662 εἶναι
724 3599 740 3672 ἢ
765 3599 915 3682 τῷδήμῳ
940 3598 1147 3677 διανέμεσθαι.
1193 3598 1418 3665 Demosthenis
1440 3620 1508 3664 een·

317 3706 419 3770 tentia
449 3705 634 3769 cautissime
664 3704 771 3770 verbis
802 3711 951 3792 oonoepte
978 3705 1099 3793 legitur
1129 3708 1164 3772 in
1198 3706 1303 3790 prima
1331 3705 1508 3790 Οθραθθύοοο

316 3831 391 3898 pag.
414 3808 466 3875 14.
489 3808 543 3876 25.
563 3809 624 3887 ἐγὼ
644 3811 701 3887 μὲν
721 3812 784 3891 γάρ
808 3813 945 3891 ἡγοῦμαι
957 3813 1129 3891 ςιατιιθτοις
1142 3811 1203 3878 δεῖν
1216 3811 1506 3885 κατασκευασθῆναι

318 3915 370 3982 καὶ
406 3915 483 3993 μίαν
523 3923 740 3984 CTNTAElN
773 3912 849 3984 εἶναι
882 3918 937 3991 τὴν
971 3917 1066 3992 αὐτὴν
1096 3922 1148 3983 τοῦ
1178 3939 1214 3982 τε
1245 3915 1422 3994 λαμβάνειν
1453 3915 1505 3981 καὶ

318 4026 371 4088 τοῦ
403 4028 497 4086 ποιεῖν
527 4022 570 4088 τά
602 4021 720 4087 δέοντα.
768 4023 875 4090 Multo
907 4024 1004 4088 etium
1036 4026 1139 4089 aerius
1171 4022 1210 4088 de
1233 4023 1344 4088 eadem
1367 4041 1401 4087 re
1424 4021 1509 4088 dixit

317 4148 391 4215 pag.
425 4124 478 4192 38.
513 4126 566 4194 17.
595 4128 650 4192 ούκ
674 4126 737 4199 ἕςιν
759 4123 833 4194 ύπον
856 4127 949 4205 μηδὲν
976 4135 1112 4194 πονοῦσιν
1137 4129 1196 4204 eye
1220 4127 1262 4193 τά
1286 4133 1345 4192 τῶν
1368 4125 1507 4201 ποινσθν-

318 4256 377 4300 τιον
407 4227 491 4298 εἷπον
520 4235 559 4307 cle
592 4232 640 4298 δεῖ
668 4235 768 4313 νέμειν
798 4233 860 4298 οὐδ’
891 4235 1003 4306 αύτούς
1033 4236 1089 4312 μὲν
1123 4235 1229 4315 άρνεῖν
1262 4233 1314 4297 καὶ
1339 4232 1508 4314 σχολάζειν

318 4337 370 4408 κού
401 4340 544 4421 άπορεῖν,
569 4337 615 4406 ύτι
640 4339 671 4405 δὲ
695 4341 720 4405 οἱ
745 4343 798 4405 τοῦ
821 4340 913 4412 δεῖνος
940 4345 1040 4406 νικῶσι
1064 4339 1140 4418 ξένοι
1163 4344 1269 4406 ταῦτα
1293 4339 1506 4406 πυνθάνεσθαι.

318 4445 519 4514 Periculosae
542 4445 674 4532 plenum
699 4466 777 4532 opus
801 4443 887 4514 aleae
910 4449 1068 4513 tumeret
1087 4445 1164 4512 haee
1184 4445 1326 4514 suadere.
1362 4446 1509 4532 Namque
