3342 5080
870 302 936 378 576

307 523 411 570 errore
432 504 526 568 natae
548 502 640 579 sunt,
666 499 721 586 qui
744 500 823 567 duos
841 496 989 585 aequales
1009 495 1202 565 confundens
1220 517 1301 582 quae
1321 497 1500 587 Hyperidis

306 612 410 676 esseut
431 607 640 674 Demostheni
663 608 848 694 assignavit.

352 714 593 781 Peritissimum
634 733 701 778 esse
743 714 894 778 orationis
926 715 1089 777 auctorem
1123 713 1293 778 hominum
1327 730 1500 797 rerumque

307 820 490 907 aequalium
522 841 562 885 ex
591 819 643 884 his
673 821 877 904 potissimum
909 817 988 884 locis
1019 817 1153 906 colligo:
1181 840 1255 906 pag.
1282 815 1359 886 776.
1386 815 1439 882 16.
1465 816 1499 882 τθ

306 929 361 1002 τίην
384 925 500 1005 βουλίην
522 923 592 995 τοὺς
615 925 832 997 πεντακοσίους
852 925 914 989 art
941 931 997 1000 τῆς
1025 925 1168 998 οίσθενοῦς
1196 923 1354 998 τοιαυτησ1
1375 923 1500 1002 κιγκλί-

306 1035 354 1108 δος
379 1040 438 1098 τῶν
460 1031 634 1112 ἀπορρήτων
658 1031 761 1111 κυρίαν
784 1027 862 1096 εἶναι
885 1033 937 1097 καὶ
962 1031 1007 1109 μη
1030 1030 1101 1104 τοὺς
1121 1030 1243 1104 ίθιιίτοις
1263 1029 1443 1096 ἐπεισιέναι·
1463 1028 1498 1093 τί

304 1142 360 1214 την
385 1136 419 1216 ἐξ
442 1141 558 1221 Ἀρείου
581 1137 687 1217 πιθγου
710 1138 826 1217 βουλίην
850 1134 925 1203 ὅταν
949 1140 979 1204 ἕν
1002 1147 1041 1220 τῇ
1061 1139 1213 1219 βασιλείῳ
1234 1144 1291 1222 τοᾷ
1312 1135 1497 1218 καθεζομένη

304 1246 568 1327 περισχοινίσηται
593 1244 680 1310 κατθι
702 1247 821 1319 πολλὴν
848 1245 982 1326 ἡσυχίαν
1006 1246 1059 1326 ἐφ’
1084 1245 1196 1320 ἑαυτῆς
1220 1241 1297 1310 εἶναι
1321 1243 1374 1308 καί
1395 1241 1499 1308 ἅπαν-

305 1377 364 1426 τας
394 1352 526 1417 ἐκποδὼν
557 1352 745 1431 ἀποχωρεῖν·
778 1351 813 1415 τὸ
846 1351 905 1424 τοὶς
937 1351 1042 1432 οίρχοὶς
1075 1351 1205 1424 οίποίσας
1224 1390 1266 1399 -
1285 1347 1356 1428 ίίμα
1380 1351 1423 1430 τῷ
1447 1351 1500 1413 τὸν

307 1456 457 1538 ὑπηρέτην
490 1459 586 1522 είπεῑν
619 1455 858 1534 „pertenue
889 1455 991 1531 {Esus
1017 1459 1076 1523 τῶν
1108 1457 1202 1536 νθμυν
1230 1464 1351 1537 κρατεῖν
1375 1455 1430 1536 ἐφ’
1456 1451 1498 1527 οίς

307 1562 571 1645 εἰσεπέμφθησαν.
607 1561 699 1629 Unde
723 1563 801 1629 haec
824 1561 973 1649 Sophiste
996 1563 1203 1630 declamitans
1226 1583 1352 1629 sumere
1373 1558 1500 1648 potuit?

351 1670 432 1758 Pag.
466 1668 543 1735 781.
576 1673 606 1735 5.
640 1670 693 1735 καὶ
725 1672 768 1735 τα
800 1673 858 1748 μὲν
893 1668 982 1736 ι’ίλλα
1019 1670 1114 1755 ἐείσω,
1148 1674 1233 1746 αλλ’,
1269 1669 1496 1751 Ἀριςογεῒτον,

306 1776 389 1842 ἑπτα
420 1778 552 1858 γραφὰς
584 1775 724 1858 κε’κρικοίς
758 1803 799 1855 με
831 1786 894 1850 τοῖς
927 1778 1000 1857 ὑπὲρ
1034 1778 1190 1843 Φιλίππου
1221 1776 1292 1843 τθτε
1328 1774 1498 1856 προίττουσι

306 1883 435 1948 σεαυτθν
458 1881 614 1962 μισθώσας
639 1885 691 1949 καί
717 1883 843 1956 εὐθύνας
868 1872 999 1955 διθθυτος
1022 1882 1065 1956 δίς
1086 1885 1304 1966 κατηγορήσας
1324 1883 1377 1948 καὶ
1392 1881 1498 1946 -οίεί

306 1995 505 2071 συκοφαντῶν
536 1989 686 2070 ἠλέγχου.
732 1990 781 2056 Hx
813 1989 864 2054 hia
895 1990 1043 2056 omnibus
1075 1987 1249 2077 Hyperidis
1280 1990 1350 2069 πρὸς
1382 1992 1499 2066 'Aureo-

306 2095 433 2176 γείτονα
466 2096 662 2160 orationibus
691 2115 754 2160 una
786 2101 914 2161 tantum
943 2098 978 2160 in
999 2095 1246 2162 Alexandrinam
1270 2094 1498 2162 bibliothecam

305 2204 451 2289 pervenit
473 2201 605 2268 ethaeo
628 2200 695 2267 sola
715 2204 835 2266 eratin
856 2203 1054 2268 eruditorum
1077 2203 1241 2286 manibus,
1265 2207 1404 2268 caeteras
1427 2203 1499 2287 quis

305 2305 456 2375 noverat?
477 2328 572 2373 nemo
594 2306 719 2384 hercle,
745 2310 896 2392 quoniam
921 2307 1091 2374 Oratorum
1111 2307 1216 2374 'vitam
1241 2314 1274 2374 et
1296 2311 1415 2394 scripta
1435 2328 1496 2375 nou

305 2413 433 2480 aliunde
463 2435 560 2500 quam
590 2435 629 2479 ex
657 2414 852 2479 orationibus
883 2435 963 2500 quae
997 2414 1163 2481 exstabant
1196 2414 1313 2480 eruditi
1336 2415 1496 2480 habebant

305 2525 442 2609 cognita.
488 2520 598 2605 Itaque
627 2519 768 2586 sciebant
798 2539 907 2586 omnes
936 2519 1135 2608 Hyperidem
1166 2519 1266 2587 semel
1305 2521 1344 2586 ab
1377 2523 1497 2586 Aristo-

305 2631 415 2717 gitone
438 2631 599 2706 γραφῆναι
620 2624 804 2704 παρανόμου
825 2631 897 2710 post
917 2623 1149 2711 Chaeroneam,
1170 2633 1308 2692 caeteras
1327 2630 1498 2693 accusatio

305 2755 360 2799 nes
390 2753 453 2798 non
476 2736 629 2797 noverant
652 2733 726 2816 quia
749 2733 908 2817 perierant
931 2733 1099 2798 crationes.
1146 2731 1209 2799 Sed
1228 2732 1409 2821 Hyperides
1431 2735 1497 2819 ipse

305 2840 401 2926 probe
430 2839 507 2904 haec
538 2839 737 2902 meminerat.
784 2835 863 2917 Quis
886 2837 1073 2903 mortalium
1094 2841 1174 2904 scire
1197 2845 1322 2924 poterat
1347 2838 1432 2925 quod
1455 2837 1497 2904 le-

305 2947 395 3033 gltur
426 2965 499 3031 pag.
532 2940 606 3009 781.
643 2941 694 3007 16.
728 2943 773 3008 δύ’
800 2943 853 3018 ἔτη
877 2942 1026 3025 βιάζεται
1053 2945 1158 3024 λέγειν
1182 2941 1327 3016 οὗτος-
1348 2945 1445 3010 ἔπειτ’
1469 2945 1497 3008 ἐν

306 3051 422 3122 τούτοις
453 3052 505 3115 τὸν
535 3049 593 3129 μὲν
624 3049 822 3128 ταλαίπωρον
855 3049 989 3124 Φωκίδην
1013 3050 1065 3116 καὶ
1089 3053 1140 3117 τὸν
1162 3053 1366 3132 χαλκοτύπον
1388 3051 1441 3116 τὸν
1465 3052 1498 3114 ε’κ

306 3161 450 3236 Πειραιῶς
482 3154 536 3220 καὶ
570 3157 621 3220 τθν
648 3147 836 3236 σκυλόδεψον
859 3192 900 3202 -
920 3151 1004 3220 εἶδεν
1027 3156 1207 3230 ιθδικοῡυτας
1232 3161 1287 3230 την
1310 3155 1414 3234 πθλιν,
1443 3158 1497 3234 ἐμὲ

306 3262 333 3327 θ’
363 3264 422 3344 οὐχ
455 3262 530 3342 ἓιίρα
562 3265 613 3328 τθν
644 3263 753 3344 ρἰίτορα
786 3256 976 3342 ᾦέπολέμει
999 3263 1067 3329 οὐδὲ
1090 3264 1142 3329 τθν
1166 3269 1351 3342 Λυκοῦργον.
1399 3263 1497 3329 Erant

305 3369 341 3434 hi
363 3368 508 3434 homines
531 3374 596 3434 tam
622 3372 732 3434 tenues
755 3373 787 3433 et
811 3377 878 3433 tam
898 3367 1023 3434 obscuri
1043 3376 1082 3435 ut
1100 3373 1168 3457 ipse
1187 3368 1368 3457 Hyperides
1385 3389 1497 3434 eorum

304 3477 435 3540 nomina
465 3475 621 3540 memoria
653 3476 787 3539 retinere
819 3493 881 3538 non
914 3477 1064 3558 potuerit.
1112 3474 1190 3556 Quis
1221 3495 1375 3559 umquam
1404 3474 1497 3540 fando

303 3582 429 3648 audivit
453 3579 641 3661 Φιλοκράτην
662 3578 712 3643 τὸν
734 3580 918 3644 Ἐλευσίνιον
941 3581 1217 3665 improbissimum
1240 3582 1406 3647 hominem
1426 3582 1497 3646 Ari-

304 3687 472 3773 stogitonis
502 3685 600 3752 fuisse
629 3686 788 3751 fautorem
820 3691 852 3751 et
884 3684 1082 3752 adiutorem?
1110 3708 1183 3774 pag.
1211 3686 1288 3753 783.
1312 3687 1366 3752 21.
1416 3687 1494 3766 Quis

304 3797 428 3879 praeter
447 3795 531 3878 ipsos
554 3791 700 3877 aequales
725 3791 764 3857 de
787 3811 823 3857 eo
846 3791 975 3858 homine
993 3813 1149 3879 umquam
1169 3789 1350 3859 inaudivit?
1385 3790 1498 3879 Pergit

303 3897 486 3985 Hyperides
520 3917 631 3964 causas
665 3903 697 3963 et
731 3897 851 3963 iudicia
881 3901 1004 3964 nemini
1035 3905 1110 3964 nota
1141 3917 1389 3964 commemorare
1420 3918 1494 3984 pag.

306 4001 383 4073 784.
417 4000 468 4067 16.
497 4005 551 4079 την
576 4005 644 4067 καθ’
675 4005 845 4081 Ἡγήμονος
872 4004 1081 4083 είσαγγελίαν
1104 4005 1261 4083 μέμνησαι
1285 4007 1323 4076 είς
1349 4002 1496 4069 sectas·

304 4111 364 4182 τοὶς
394 4109 479 4175 κατὰ
512 4107 660 4186 Δημοίθου
691 4111 821 4192 γραφὰς
852 4105 925 4175 οἶσθ’
955 4113 994 4184 ὥς
1030 4109 1179 4186 ἐξέλιπεν,
1214 4109 1266 4174 τὸν
1303 4109 1495 4184 ἐλαιοπώλην

304 4215 471 4294 Ἀγοίθιινα
502 4215 607 4295 (ταυτί
639 4215 701 4296 γθιρ
731 4216 774 4281 τθι
808 4215 919 4306 τροίην)
950 4217 1030 4296 βοῶν
1052 4217 1105 4283 καί
1131 4217 1289 4297 κεκραγθις
1308 4253 1352 4264 -
1370 4217 1409 4287 ὥς
1434 4213 1498 4280 θέον

306 4321 454 4402 ςρεβλοῦν
485 4321 593 4399 λαβὼν
622 4322 781 4398 ὁτιδήποτε
806 4325 909 4401 παρθιν
932 4319 978 4389 ὅτ’
1003 4323 1112 4406 η’φίετο
1137 4321 1258 4404 ἄφωνος
1285 4321 1418 4400 ἐγένετο.
1443 4321 1498 4396 τὴν

307 4427 392 4494 κατθι
414 4426 610 4505 Δημοκλέους
635 4428 844 4508 εἰσαγγελίαν
865 4430 1035 4503 ἀνασείσας
1056 4437 1110 4494 ποί
1127 4427 1272 4512 ἔτρεψενς
1295 4425 1384 4495 ίιλλα
1402 4425 1497 4508 μθριιι
