3356 5084
873 317 939 392 522

315 513 394 583 Erat
433 517 467 580 in
505 515 727 598 antiquissimo
760 512 875 582 Codice
909 512 1102 591 διόλειμααι
1138 514 1299 597 complures
1332 535 1435 578 νοτειιε
1469 513 1503 578 ia

315 645 423 704 ααραα
444 623 554 684 moeno
573 621 753 704 perseus.
770 626 804 686 et
826 625 874 686 est
898 619 1101 706 irreparabile
1126 618 1290 684 damnum.

362 727 447 794 Satis
470 733 537 793 esto
560 727 640 792 seire
663 725 721 792 illa
745 727 843 793 verba
864 729 1017 792 οένελοῦσα
1041 725 1104 806 pop
1125 762 1168 774 —
1188 725 1397 811 uiriumque
1415 725 1506 790 ίαόεί-

317 835 374 917 όίριῖ
402 835 466 898 ullo
494 835 576 896 modo
593 854 679 915 posse
702 855 793 918 oeque
815 833 973 897 emcocdcos'.
1022 830 1128 896 Simul
1150 838 1279 918 apparet
1301 853 1399 918 quam
1422 831 1507 897 nihil

318 939 432 1006 auxilii
462 941 505 1004 sit
527 940 562 1002 in
584 936 675 1002 libris
698 939 879 1023 Αόίέοόοοίε,
903 938 987 1004 unde
1009 937 1239 1024 Harpocration
1260 939 1339 1005 haec
1361 938 1452 1004 affert
1474 961 1506 1006 τ.

318 1049 490 1112 Ἀνελοῦσα
521 1045 584 1124 γὰρ
614 1044 666 1108 τόν
696 1043 784 1123 νόμον
815 1049 921 1110 τοῦτον
953 1045 1176 1126 ἐχειροτόνησεν
1204 1046 1304 1127 αὐτῆς
1323 1083 1366 1095 -
1382 1045 1413 1110 ἐν
1443 1051 1507 1117 τοῖς

318 1157 525 1224 Ἀτσιιιιανοῖς
556 1151 643 1224 διττη
674 1147 708 1225 ἦν
738 1150 863 1233 γραφη·
897 1153 915 1227 ἦ
952 1152 1010 1229 μὲν
1042 1147 1150 1223 οὕτως·
1187 1153 1393 1216 ἀνελοῦσα
1429 1151 1510 1232 γὰρ

318 1259 385 1324 τὸν
418 1256 536 1336 νόμον
566 1260 708 1323 τοῦτον
739 1257 1050 1339 ἐχειροτόνησεν
1082 1256 1316 1332 οὐσία-ἡ
1347 1257 1376 1322 δ’
1407 1255 1508 1333 ἄλλη·

318 1367 528 1431 ἀνελοῦσα
562 1365 640 1443 γὰρ
674 1365 741 1430 τδν
772 1363 887 1442 νόριον
921 1368 1063 1428 τοῦτον
1104 1360 1396 1444 ἐχειροτόνησε
1433 1374 1510 1430 ΛΑ-

320 1480 458 1536 BOTCA
483 1471 684 1534 ἘΚΕΙΝΟΝ
709 1470 821 1550 αὐτῇ.
868 1469 1011 1554 Utraque
1032 1469 1127 1535 lectio
1150 1489 1214 1534 non
1232 1474 1280 1534 cst
1298 1472 1395 1536 unius
1414 1473 1509 1556 assis,

320 1583 353 1643 et
382 1575 531 1653 λαβοῦσιν
562 1576 671 1640 ἐκεῖνον
702 1581 757 1640 aut
779 1576 910 1661 abipso
932 1578 1041 1642 Attico
1064 1583 1121 1643 aut
1144 1576 1183 1641 ab
1207 1575 1270 1641 alio
1292 1575 1419 1642 infelice
1442 1597 1510 1642 cor·

320 1688 440 1750 rectore
470 1682 510 1746 de
540 1702 597 1747 suo
620 1682 767 1747 additum
791 1687 857 1758 est,
881 1682 976 1768 idque
998 1684 1066 1747 sine
1088 1681 1156 1747 ullo
1178 1682 1304 1759 fructu,
1329 1683 1405 1767 quia
1426 1680 1511 1746 nihil

322 1790 390 1856 sani
421 1810 460 1854 ex
482 1788 534 1853 his
556 1788 662 1854 verbis
685 1788 818 1853 extundi
839 1793 954 1873 potest.
1000 1786 1080 1854 Vide
1104 1793 1211 1854 autem
1235 1789 1318 1853 mihi
1340 1790 1510 1876 magistro

320 1917 394 1962 rum
426 1895 578 1981 argutias,
625 1892 709 1972 Quid
739 1892 916 1982 significare
945 1897 1055 1979 putas:
1080 1898 1235 1959 αἰνελοῦσα
1257 1895 1321 1973 poio
1345 1894 1397 1958 τὸν
1420 1893 1510 1970 νόμον

322 2005 428 2067 τοῦτον
451 2001 675 2081 ἐχειροτόνησεν
700 1996 818 2072 adrisi
863 1997 1001 2064 Difficile
1025 1999 1113 2065 dictu
1136 2004 1201 2084 est,
1224 1999 1333 2064 nullus
1356 2005 1405 2066 est
1423 2004 1511 2065 enim

324 2127 434 2174 eorum
464 2106 634 2172 verborum
664 2125 782 2171 sensus.
829 2103 892 2170 Sed
922 2103 1152 2190 Harpocration
1183 2105 1284 2184 dicet;
1317 2105 1408 2171 audi:
1441 2106 1510 2170 ιὶντὶ

321 2218 374 2278 τοῦ
407 2211 639 2292 παραβᾶσα
671 2211 750 2290 γὰρ
779 2215 923 2276 τοῦτον
947 2209 1014 2276 τόν
1040 2209 1155 2289 νόμον
1178 2211 1513 2292 διαχειροτονίαν

321 2317 413 2399 περί
441 2318 567 2391 αὑτῆς
597 2315 741 2381 ἐδιοκεν
771 2317 804 2383 εί
828 2317 903 2398 χρη
927 2321 1142 2398 ςεΦανοῦν.
1189 2315 1287 2382 Haud
1308 2317 1376 2382 vidi
1395 2320 1511 2405 magis.

321 2431 460 2490 Ἀνελεῑν
490 2423 579 2501 νόμον
610 2428 658 2488 ast
689 2423 890 2502 παραβῆναι,
922 2428 954 2489 et
985 2422 1207 2504 ἐχειροτόνησεν
1237 2424 1335 2498 αὐτόν
1365 2429 1414 2489 est
1445 2426 1511 2506 arpi

322 2530 419 2606 αὑτῆς
444 2528 533 2595 ἔδοιιιε
558 2528 806 2611 διαχειροτονίαν.
855 2527 964 2596 Satius
987 2535 1035 2595 est
1058 2533 1161 2595 tacere
1184 2549 1280 2616 quam
1298 2529 1377 2596 talia
1397 2530 1511 2602 dicere.

320 2635 392 2702 Hoc
422 2637 524 2725 igitur
555 2634 660 2701 solum
691 2637 864 2701 tenendum
888 2641 935 2702 cst
955 2637 1049 2700 ίοοιαα
1072 2637 1181 2700 locum
1204 2635 1290 2700 licre
1313 2643 1341 2700 cl
1363 2639 1514 2722 conplura

320 2743 409 2808 verbo
428 2741 632 2820 αιοονοίόὶεεο,
653 2762 734 2826 quae
753 2761 862 2807 sanare
880 2741 965 2808 velle
985 2746 1033 2807 est
1050 2741 1241 2807 medicinam
1256 2741 1357 2808 facere
1369 2748 1508 2810 mortuo.

363 2848 463 2914 mont
493 2848 570 2913 haec
600 2867 725 2933 quoque
757 2848 787 2911 ἐν
817 2855 881 2921 τοῖς
912 2848 1037 2928 πρώτοις
1068 2849 1273 2932 ἀντιγράφοις
1296 2848 1511 2932 <eleplensi

324 2955 469 3020 funditus
492 2955 692 3019 interierunt.

368 3163 449 3251 Peg.
483 3160 558 3227 601.
592 3161 644 3226 11.
678 3162 740 3244 ᾔδει
770 3162 833 3242 peip
865 3157 949 3240 οἶμαι
981 3163 1062 3228 τοῦθ’
1099 3161 1145 3230 ότι
1177 3166 1247 3237 τοὺς
1284 3165 1314 3229 ἐν
1348 3173 1386 3246 τῇ
1421 3161 1510 3231 πόλει

325 3268 468 3348 γενέσθαι
487 3266 610 3340 πιόντας
628 3268 748 3346 ὁμοίους
765 3269 782 3344 ἢ
807 3267 916 3341 δεινοὺς
941 3269 958 3344 ἢ
985 3269 1104 3349 όρασεῑς
1124 3270 1141 3345 ἣ
1162 3269 1301 3351 μετρίους
1321 3273 1375 3336 οὐκ
1395 3269 1434 3336 ao
1453 3271 1510 3344 είη.

322 3374 371 3441 Ex
395 3375 496 3440 animi
519 3376 675 3440 sententia
698 3377 850 3440 assentior
872 3374 1016 3440 Dobraeo
1039 3377 1237 3442 emendanti:
1261 3377 1405 3456 peciolas
1435 3375 1510 3441 τοίν-

323 3504 382 3554 τας
405 3481 537 3558 opsloe
557 3479 666 3553 δεινοὺς
688 3481 740 3544 καί
762 3480 881 3560 όρασεῖς
900 3483 954 3545 οὐκ
970 3480 1008 3545 όιν
1021 3481 1083 3565 είη,
1096 3481 1208 3548 delatis
1220 3486 1361 3548 caeteris.
1387 3483 1510 3554 Δεινοὺς

324 3595 396 3652 ΚΑΙ
421 3590 539 3666 θρασεῖς
563 3586 784 3674 coniungenda
807 3607 873 3652 esse
895 3592 1020 3672 praeter
1042 3590 1146 3673 ipsam
1168 3590 1216 3654 rei
1237 3594 1386 3654 naturam
1409 3589 1511 3654 tribus

322 3691 401 3760 locis
420 3695 454 3757 in
472 3693 532 3758 hac
551 3695 620 3778 ipsa
640 3695 780 3758 oratione
800 3714 818 3758 s
837 3692 981 3758 Dobraeo
999 3693 1147 3760 indicatis
1165 3693 1395 3760 Demosthenes
1411 3695 1511 3760 decla-

322 3804 391 3865 rat:
411 3821 486 3887 pag.
514 3797 589 3864 661.
617 3796 669 3862 14.
690 3804 753 3870 τοῖς
775 3797 896 3878 όρασέσι
917 3799 968 3863 καί
989 3799 1128 3870 δυνατοῖς
1148 3799 1261 3877 λέγειν.
1283 3823 1358 3889 pag.
1381 3799 1458 3866 603.
1481 3800 1510 3865 5.

324 3906 422 3972 sireis
444 3906 501 3983 μὲν
523 3904 634 3977 δεινοὺς
659 3902 712 3968 καί
737 3904 866 3985 όρασεῖς.
890 3926 965 3992 pag.
989 3903 1065 3969 614.
1093 3905 1123 3970 2.
1148 3904 1241 3978 οὕτως
1265 3905 1303 3970 ἐν
1324 3907 1435 3986 όρασὺς
1459 3904 1510 3970 καί

323 4011 427 4091 λέγειν
451 4010 553 4083 δεινός.
600 4011 775 4096 Postquam
799 4009 949 4086 salinsi
974 4016 1099 4076 mutato
1123 4013 1181 4076 doto
1204 4033 1320 4100 genera
1343 4013 1511 4078 hominum

323 4119 388 4184 diei
411 4118 602 4185 videbantur
624 4117 746 4182 addidit
772 4115 889 4203 aliquis
912 4138 950 4182 ex
973 4117 1042 4183 loco
1065 4120 1170 4184 vicino
1195 4118 1212 4194 ἢ
1236 4120 1386 4200 μετρίους.

367 4324 448 4411 Peg.
481 4322 559 4390 601.
593 4323 645 4390 16.
678 4325 740 4391 δεῖν
771 4323 802 4390 δὲ
835 4322 932 4411 [ᾤετο]
965 4324 1081 4403 μηδένα
1112 4327 1326 4409 οίττοςερεῒσόαι
1350 4331 1404 4392 τοῦ
1428 4327 1511 4402 δίκην

321 4438 431 4516 τυχεῖν
454 4432 493 4506 ὡς
518 4427 627 4507 ἕκαστος
651 4429 792 4500 δύναται.
839 4429 957 4500 Inutile
980 4431 1120 4499 fulcrum
1142 4433 1181 4499 da
1200 4453 1290 4501 mors
1309 4433 1512 4524 magistellos
