3356 5084
707 359 773 434 473
849 409 856 432 .

189 557 271 650 Peg.
309 559 385 628 147.
424 560 453 625 1.
489 558 542 624 ἐάν
577 559 634 638 μέν
666 559 754 638 ὑμεῖς
786 555 976 636 ὁμοθυμαδὸν
1011 553 1060 643 [ἐκ
1091 558 1168 633 μιάς
1193 541 1334 635 γνώμης]

146 669 301 735 Φίλιππον
333 667 508 751 άμόνησθε,
538 666 746 732 menifestum
777 669 810 730 et
838 661 990 749 putidum
1019 659 1180 726 emblema
1207 657 1337 724 tandem

146 775 317 860 aliquando
338 773 545 860 expellemus.
591 771 676 838 Setis
698 777 812 838 notum
835 774 867 835 et
890 769 1036 854 frequens
1060 771 1108 833 est
1130 762 1338 845 όμοόυμαδόν,

145 888 184 946 ut
213 879 273 944 teli
305 880 522 946 additamento
550 899 654 945 oerore
683 881 794 964 possit.
821 896 891 964 pag.
918 872 994 940 188.
1020 871 1073 940 18.
1098 874 1124 939 εί
1148 869 1338 951 ὁμοθυμαδὸν

146 982 179 1060 ιῖν
202 987 289 1064 μετά
314 985 436 1050 πάντων
461 985 613 1050 ἐπιθέσθαι
638 984 729 1064 μόνῳ.

189 1091 291 1158 Video
322 1090 523 1158 Dindorfium
554 1111 678 1177 quoqne
709 1093 743 1156 in
775 1092 897 1156 minore
928 1088 1066 1154 editione
1096 1085 1257 1175 glossema
1287 1104 1339 1149 ex·

144 1218 308 1284 punxisse.

190 1391 271 1481 Peg.
306 1391 382 1458 153.
414 1393 469 1460 21.
503 1394 528 1459 oi
556 1394 639 1459 κατά
664 1395 719 1468 την
741 1391 852 1458 Ἀσίαν
874 1347 1036 1473 σατράπαι
1061 1387 1194 1466 -ξένονς
1223 1387 1340 1476 [μισθο-

147 1498 270 1587 φόρους]
298 1499 531 1579 εἰσπέμψαντες
554 1501 711 1565 ἐκώλυσαν
733 1499 997 1579 ἐκπολιορκηθῆναι
1023 1495 1173 1577 Πέρινθον.
1219 1494 1339 1560 Milites

147 1606 278 1669 mercede
307 1607 462 1672 οοποθιιοόοε
493 1606 702 1674 Athenienses
735 1625 798 1671 non
833 1603 1031 1686 μισθοφόρους
1067 1601 1252 1688 appellent,
1286 1598 1341 1665 sed

146 1711 311 1777 blandiore
330 1717 362 1778 et
381 1713 559 1779 honestiore
578 1715 706 1779 nomine
725 1711 843 1790 ξένους,
865 1711 949 1776 unde
967 1707 1157 1786 ξενολογεῖν,
1179 1707 1338 1786 ξεναγεῖν,

148 1815 276 1896 ξεναγοί
297 1818 457 1885 dicuntur.

190 1923 311 1992 Multis
339 1924 418 1991 loeis
448 1925 537 1992 soioli
565 1925 624 1992 ubi
650 1945 686 1992 eo
709 1945 803 1990 sensu
826 1922 902 2000 ξένσι
928 1925 1221 1988 commemorentur
1242 1939 1339 1985 suum

147 2031 324 2112 μισθοφόροι
354 2031 555 2110 edsoribunt,
587 2031 671 2118 quod
701 2033 776 2118 quis
807 2051 916 2096 omnes
946 2027 1022 2105 ξένοι
1054 2034 1130 2094 sunt
1162 2025 1338 2109 μισθοφόροι

147 2143 265 2208 vitiose
288 2137 437 2204 abundet.

193 2318 275 2406 Peg.
310 2316 386 2383 155.
416 2315 468 2383 le.
493 2323 552 2383 τῶν
574 2317 631 2396 μὲν
655 2322 779 2383 πολλῶν
802 2317 857 2382 ἐάν
878 2313 1007 2400 άμάρπη
1030 2338 1076 2388 τις
1101 2313 1231 2395 ζημίΑΟ
1254 2314 1341 2380 κατά

149 2426 203 2500 την
227 2421 321 2501 άξίαν
344 2423 482 2505 εἴληφεν.
530 2425 581 2490 Sio
605 2422 628 2489 S
651 2443 707 2509 pro
731 2422 857 2506 ζημίαν.
905 2423 1121 2509 incongruum
1151 2427 1199 2487 est
1224 2421 1343 2507 perfee-

150 2535 221 2596 tum
245 2529 374 2610 είληφεν
398 2551 499 2616 neque
521 2537 605 2596 reete
623 2529 720 2596 hebet
738 2529 853 2611 ζημίαν
873 2528 1051 2608 λαμβάνειν
1071 2549 1128 2614 pro
1148 2525 1340 2608 ζημιοῦσθαι.

149 2633 300 2723 Suspicor
329 2635 409 2702 olim
436 2637 533 2702 fuisse
557 2635 672 2717 ζημίαι
696 2636 780 2702 κατά
806 2638 860 2712 την
884 2633 977 2711 άξόαν
997 2634 1199 2710 ἜΤΤΧΕΝ,
1227 2632 1340 2698 deinde

150 2761 262 2830 quum·
275 2740 388 2823 ἔτυχεν
412 2741 618 2828 expalluisset
641 2747 697 2807 ent
721 2742 784 2808 elie
807 2763 870 2828 qne
893 2741 931 2808 de
955 2761 1049 2807 oense
1070 2761 1133 2806 non
1157 2742 1235 2806 satis
1257 2759 1341 2804 oom-

149 2848 243 2914 mode
267 2847 335 2934 legi
357 2853 481 2933 posset,
504 2868 523 2913 e
546 2857 719 2914 correctore
744 2849 909 2930 θίληφΕΝ
934 2868 1002 2913 esse
1024 2846 1220 2933 suppletum.

194 2955 318 3030 Ζημίας
351 2951 461 3033 ἐτνχεν
494 2958 542 3018 est
566 2953 729 3034 ἐζημιώθη,
753 2959 792 3019 ut
813 2956 933 3040 passim
956 2953 1131 3035 τυγχάνειν
1153 2954 1284 3039 ponitur
1305 2953 1340 3016 in

149 3062 241 3130 verbi
264 3061 383 3146 passivi
405 3059 592 3147 periphrasi.
617 3062 663 3125 sie
687 3060 826 3136 όοαιθυνί,
849 3060 1056 3138 ἐπαινεῖσθαι,
1079 3059 1197 3125 dieitur
1218 3059 1343 3124 ἐπαίνου

150 3165 341 3248 τυγχάνειν,
372 3166 539 3249 vituperari
547 3212 555 3243 ,
588 3165 761 3246 ψέγεσθαι,
783 3168 884 3245 ψόγου
909 3164 1099 3246 τυγχάνειν,
1126 3170 1159 3230 et
1182 3167 1228 3230 sie
1250 3171 1344 3243 τιμῆς

149 3273 342 3356 τυγχάνειν,
366 3269 553 3361 συγγνώμην
578 3271 765 3354 τυγχάνειν,
789 3277 822 3338 et
844 3272 949 3338 multe
972 3271 1092 3337 similis
1116 3271 1276 3336 dicuntur.
1424 3275 1426 3282 ’

194 3454 276 3539 Peg.
311 3448 386 3516 156.
419 3449 473 3516 20.
505 3450 629 3523 πλείους
661 3452 809 3533 άφορμάς
841 3451 914 3532 πρὸς
945 3451 1001 3524 τθην
1031 3457 1091 3516 τῶν
1126 3453 1195 3516 θεῶν
1231 3449 1346 3515 εὔνοιαν

151 3561 276 3644 ἔχομεν.
343 3555 453 3623 Solent
488 3558 696 3624 Athenienses
732 3563 911 3624 constanter
945 3559 1000 3632 την
1032 3567 1145 3623 ΠΛΡΑ
1181 3563 1239 3621 τῶν
1275 3557 1345 3620 θεῶν

152 3667 269 3733 εὔνοιαν
293 3684 423 3740 voosre,
447 3670 486 3729 nt
507 3663 589 3729 infre
612 3663 824 3730 ostendemus.
859 3663 958 3729 Recte
975 3663 1098 3750 legitur
1116 3683 1190 3749 pag.
1212 3660 1267 3727 24.
1290 3659 1345 3725 20.

152 3773 236 3838 unde
267 3772 345 3836 haee
377 3774 485 3835 sumto
514 3776 607 3835 sunt:
640 3771 720 3834 πολὺ
751 3769 815 3849 γάρ
846 3770 969 3839 πλείους
994 3770 1142 3849 άφορμάς
1166 3770 1207 3842 είς
1232 3767 1267 3832 τὸ
1292 3768 1347 3841 την

153 3879 242 3960 παρά
260 3883 318 3943 τῶν
339 3876 408 3941 θεῶν
429 3875 544 3942 εὔνοιαν
564 3873 648 3957 ἔχειν
668 3878 721 3957 όρῶ
744 3877 816 3954 ὑμῖν
834 3874 928 3948 οὔσας
950 3879 1024 3964 (non
1045 3874 1181 3961 ἐνούσας)
1203 3873 1345 3954 θρέκείνιρ.

198 4057 279 4146 Peg.
307 4053 383 4122 179.
408 4054 461 4121 15.
486 4057 499 4121 θ
524 4057 581 4134 μὲν
600 4093 642 4105 -
658 4055 813 4137 χρήματα
837 4055 923 4120 δώσει
943 4054 1022 4121 τισίν
1042 4057 1143 4120 αὐτῶν
1164 4052 1215 4118 καὶ
1235 4053 1347 4135 φιλίαν

153 4171 387 4247 προτενεῐΤΑΙ,
409 4164 534 4247 requiro
554 4171 707 4243 προπενεί,
729 4166 767 4226 ut
787 4163 949 4242 προτείνειν
969 4163 1023 4237 τὴν
1043 4169 1153 4241 χεῖρα,
1175 4162 1229 4235 τὴν
1245 4157 1347 4236 δεξιάν

153 4276 185 4337 et
216 4269 338 4337 similia
369 4268 536 4346 dicuntur,
569 4274 601 4334 et
631 4268 795 4345 προτείνειν
827 4269 911 4338 eleo
944 4288 1016 4355 pag.
1045 4265 1122 4331 659.
1146 4264 1178 4330 8.
1203 4265 1242 4331 ef.
1268 4265 1346 4332 Noe.

152 4377 247 4442 Ινοοόό.
279 4396 353 4462 pog.
385 4371 462 4440 601.
511 4374 582 4440 Non
607 4373 756 4440 differunt
778 4372 1009 4462 significatione
1031 4372 1193 4454 προτείνειν
1218 4378 1250 4438 et
1275 4397 1347 4454 προ-

151 4481 306 4566 βάλλειν,
339 4485 377 4546 ut
407 4482 442 4545 in
473 4487 584 4565 γρῖφον
614 4479 808 4562 προβάλλειν
830 4482 900 4548 sive
922 4480 1098 4562 προτείνειν.
1146 4477 1236 4546 Idem
1260 4499 1348 4547 men-
