3348 5086
470 1309 753 1403 MENANDRI
780 1309 1101 1404 FRAGMENTA
1132 1309 1364 1402 INEDITA.

778 1627 1064 1670 Φ-

371 1889 452 1956 Plus
482 1911 579 1976 quam
609 1891 744 1977 triginta
774 1895 805 1956 et
837 1893 976 1976 quinque
999 1893 1074 1957 anni
1097 1895 1172 1956 sunt
1195 1912 1234 1958 er
1256 1911 1319 1976 quo
1343 1912 1419 1957 cum
1442 1875 1516 1956 ods-

327 2013 483 2064 susurmo
514 2013 732 2063 msonruosu
756 1998 934 2062 amicitiam
958 1999 990 2064 et
1012 1997 1266 2064 familiaritatem
1289 1999 1515 2063 suavissimam

329 2106 471 2171 contraxi
500 2103 632 2168 Parisiis
663 2105 823 2188 primum,
856 2102 969 2169 deinde
1000 2105 1034 2168 in
1064 2103 1176 2188 Italia,
1207 2104 1265 2168 ubi
1287 2107 1402 2169 tertium
1425 2103 1516 2168 nobis

329 2212 460 2276 accessit
482 2209 599 2274 sodalis
622 2207 850 2274 dilectissimus
875 2225 1017 2275 essenus
1040 2228 1186 2275 amatu.
1234 2209 1304 2298 ago
1327 2215 1359 2274 et
1380 2226 1518 2275 nsum

329 2317 386 2381 diu
415 2313 565 2380 initalia
588 2317 784 2400 manaimus,
808 2332 1026 2381 rrscuuunoar
1048 2319 1169 2382 interea
1192 2314 1339 2403 Syriam,
1363 2315 1516 2382 Palaesti-

329 2443 425 2500 nam,
447 2421 635 2508 Aegyptum
658 2424 850 2509 peragravit.
885 2421 934 2486 Ex
956 2421 1017 2488 hoc
1035 2424 1149 2488 itinere
1169 2421 1209 2488 ad
1227 2443 1280 2488 me
1296 2423 1387 2486 misit
1404 2421 1517 2502 φιλίαις

239 2542 244 2550 ’
330 2536 476 2607 μνημεῖον
510 2526 757 2602 munusculum,
793 2549 832 2592 ex
865 2529 1052 2613 perantiquo
1086 2523 1201 2594 Codice
1235 2528 1393 2614 descripta
1421 2528 1520 2594 verba

329 2637 443 2701 incerti
473 2631 586 2700 Graeci
616 2638 738 2720 poetae.
785 2633 823 2698 In
854 2655 916 2719 qua
944 2635 1073 2700 taudem
1103 2633 1301 2701 Bibliotheca
1331 2640 1365 2699 et
1394 2637 1430 2698 in
1457 2654 1519 2720 quo

329 2741 413 2806 libro
436 2741 513 2806 haec
537 2741 694 2808 invenerit
717 2760 779 2806 non
802 2740 879 2806 tecit
897 2761 950 2806 me
969 2743 1146 2808 certiorem.
1182 2740 1218 2806 In
1236 2741 1339 2806 fronte
1356 2739 1521 2806 sohidulae

329 2850 431 2934 ipsius
460 2866 557 2912 manu
581 2848 733 2932 scriptae,
758 2866 821 2931 qua
843 2847 1023 2934 fragmenta
1045 2847 1122 2913 haec
1145 2848 1362 2924 continentur,
1387 2848 1522 2932 inscrip

329 2960 402 3019 tum
425 2957 491 3020 est:

611 3177 788 3260 Fraymeata
810 3178 868 3243 duo
894 3177 1013 3245 Codicis
1035 3177 1234 3264 maiquksimi

725 3298 780 3364 IV.
803 3306 837 3364 ut
858 3300 977 3365 uidebar
997 3299 1121 3365 saeculi.

375 3481 586 3565 Posteaquam
610 3476 831 3556 Tischendori,
856 3479 912 3563 qui
934 3497 1112 3563 numquam
1136 3476 1247 3542 dehis
1270 3476 1462 3564 fragmentis
1484 3480 1523 3542 in

329 3588 436 3654 lucem
462 3586 591 3651 edendis
613 3587 768 3672 cogitasse
791 3583 938 3668 videtur,
962 3585 1096 3649 excessit
1119 3603 1136 3648 e
1160 3584 1245 3658 vita,
1268 3583 1335 3666 ipse
1358 3583 1394 3648 id
1417 3583 1524 3649 facere

330 3694 510 3760 decrevist
534 3691 696 3756 ostendere
720 3689 912 3756 Menandros
935 3691 1012 3756 haec
1037 3710 1103 3754 esse
1126 3710 1166 3754 er
1188 3688 1310 3754 duabus
1337 3683 1525 3756 Comoediis

330 3804 454 3875 sumta,
486 3817 621 3883 quarum
653 3795 753 3862 altera
783 3817 863 3882 quae
895 3797 989 3863 fuerit
1017 3800 1176 3862 incertum
1203 3799 1269 3872 est,
1294 3793 1429 3860 alteram
1453 3817 1525 3862 esee

332 3907 383 3971 ris
415 3905 637 3980 Arrctiatucvc
660 3923 735 3968 mox
759 3903 980 3969 demonstrabo
1001 3908 1170 3989 postquem
1194 3899 1422 3968 Tischeudorfii
1447 3923 1525 3990 apo-

332 4012 491 4100 graphum
515 4030 611 4096 quam
634 4006 817 4076 fidelissime
840 4013 983 4096 primum
1007 4008 1209 4094 descripsero.

912 4223 937 4288 1.

459 4409 1289 4469 ANGPHHOCOINONATTOTOTTGKHAHT..
1303 4449 1328 4465 ..

460 4515 1216 4574 ΕΓΩΓΕΤΠΕΡΤΟΤΜΕΘΤΕΚΕΘΟΤΛΕΓΩ
