3356 5086
615 301 618 306 Υ
743 357 807 424 319

508 548 540 611 οὐ
564 553 642 610 ΓΑΡ
667 542 711 608 ἔτ’
735 543 858 623 ἔροτεδο
881 553 975 631 γυῖον,
1001 545 1104 628 φίλος.

181 659 220 719 et
252 651 493 738 praecedentem
521 650 719 717 versiculum
750 651 798 715 νο1
824 652 859 726 δὴ
885 689 925 700 -
950 649 1062 726 ἔτερπες
1088 656 1234 739 spurium
1259 675 1325 721 esse
1351 655 1383 726 et

183 757 501 837 πορεμβεβλνμένον.
543 756 614 822 Hoc
645 776 771 841 quoque
794 756 1001 822 manifestum
1024 763 1072 823 cst
1094 760 1129 822 in
1152 762 1291 844 antiquis
1314 759 1379 825 Ho-

184 867 273 929 meri
314 863 425 937 libris,
469 863 585 948 quibus
625 862 828 926 Aristarchus
870 867 1028 939 uteretur,
1067 863 1263 930 versiculum
1297 865 1382 930 huno

186 973 348 1054 scriptum
378 988 440 1033 000
470 969 567 1032 fuisse
598 986 731 1051 eamque
762 966 907 1032 fraudem
938 968 972 1033 in
998 970 1228 1034 recentioribus
1251 969 1382 1036 demum

187 1071 365 1140 Codicibus
405 1093 472 1138 csse
512 1077 631 1138 natam.
690 1070 797 1136 Facile
840 1073 956 1136 senties
998 1079 1115 1157 quanto
1149 1073 1267 1140 melius
1299 1096 1383 1140 0000

187 1180 337 1246 Nestoris
379 1178 510 1263 quadret
552 1180 669 1243 oratio:
705 1177 805 1242 simul
837 1183 1021 1244 removetur
1055 1180 1172 1265 duplex
1204 1179 1382 1264 πρόσρησις,

187 1289 336 1372 primum
359 1283 462 1356 τέκος,
487 1282 598 1348 deinde
618 1283 727 1358 Φίλος,
749 1288 873 1367 praeter
893 1282 1099 1350 Homericam
1121 1286 1382 1351 consuetudinem

189 1413 231 1457 ac
260 1395 384 1475 praeter
413 1391 460 1454 rei
488 1393 656 1462 00100001,
686 1407 749 1472 qua
780 1407 876 1472 quom
898 1389 999 1454 semel
1022 1389 1158 1456 salutare
1182 1392 1258 1456 satis
1279 1396 1328 1457 est
1351 1403 1384 1456 et

192 1500 393 1562 consuetum.
427 1493 549 1560 Eodem
573 1493 776 1560 incommodo
798 1493 1004 1579 premebatur
1024 1494 1114 1562 locus
1137 1496 1176 1564 ab
1200 1497 1383 1563 Aristarcho

193 1602 399 1668 emendatus:

333 1705 464 1772 κέκλυτέ
486 1720 545 1783 μεν
569 1704 689 1782 μύθων,
714 1703 799 1769 κοινοὶ
822 1729 879 1784 τερ
902 1704 1080 1788 πάσχοντες
1105 1709 1234 1788 ἐτοῖρον,

326 1808 376 1877 Ὠ
404 1819 541 1885 ΦΙΛΟΙ,
565 1812 598 1876 οὐ
622 1810 684 1890 γὰρ
707 1810 817 1888 ribato.

196 1920 250 1986 vel
282 1917 388 1986 solum
422 1917 505 1982 illud
539 1912 560 1980 ὦ
596 1915 683 1992 <blaa
714 1919 822 2003 arguit
854 1937 891 1982 ea
919 1937 999 2003 quae
1030 1918 1220 2002 praecedunt
1250 1918 1384 1985 moleste

199 2026 359 2092 abundare
383 2029 415 2089 et
437 2041 669 2107 supervacanea
692 2042 769 2087 esse.

243 2128 443 2206 Versiculos,
475 2147 569 2211 quem
599 2129 704 2192 nescio
735 2129 805 2212 quis
835 2125 920 2192 male
952 2127 1081 2194 sedulus
1110 2130 1292 2214 importuno
1315 2129 1384 2196 loco

198 2240 347 2313 inseruit,
374 2237 408 2298 in
432 2218 564 2318 utroque'
588 2234 726 2298 carmine
750 2231 890 2302 κοκλοκός
917 2233 988 2300 έςνν.
1035 2232 1226 2319 Saepissime
1248 2235 1383 2323 legitur:

467 2338 533 2403 Nat
559 2339 594 2412 bi
618 2335 724 2402 τοῦτο
748 2362 787 2415 γε
813 2337 940 2421 τοὶντο,
964 2337 1061 2417 γέρον.

198 2447 251 2514 vel
271 2466 328 2534 pro
351 2443 437 2526 γέρον
461 2445 567 2520 τέκος,
593 2441 664 2518 θεοὶ,
691 2441 803 2520 γόνον,
827 2442 937 2523 φίλος,

930 2548 1015 2614 sarh
1038 2559 1147 2630 μοῑρον
1171 2550 1294 2626 trecass.

198 2659 252 2724 vel
271 2659 335 2724 aha
356 2657 459 2723 forma
481 2679 515 2733 γ.
541 2653 617 2720 331.

333 2759 354 2828 ὦ
378 2761 484 2844 γέρον,
509 2761 572 2837 ἦτον
597 2766 702 2826 τοῦτο
726 2761 811 2825 acu-h
835 2767 944 2840 μοῖρον
975 2759 1160 2838 κατέλεξας.

201 2855 254 2936 vel
276 2896 310 2948 γ.
334 2867 411 2935 327.

334 2973 368 3041 εὖ
389 2975 424 3050 bb
448 2973 553 3039 τοῦτο
575 2974 611 3052 γ’
633 2973 773 3057 ἔφησθα,
798 2972 885 3054 γέρον
909 2972 996 3054 φίλε.

201 3083 311 3164 001χ.
336 3081 412 3146 486.

336 3190 384 3252 rai
410 3188 445 3261 ab
469 3184 574 3250 τοῦτοί
598 3209 658 3269 γε,
682 3183 785 3249 τέκνον
809 3180 898 3261 ἐμόν,
922 3185 1008 3249 acroi
1032 3193 1141 3265 μοῖρον
1166 3185 1289 3260 έτεντες.

204 3295 255 3361 vel
278 3306 316 3361 Σ.
341 3293 417 3359 128.

338 3401 385 3464 occi
411 3399 446 3470 11
469 3405 621 3462 ΤΑΥΤΑ
643 3420 702 3473 γε,
724 3394 845 3480 τέκνον,
870 3396 1030 3474 ἐτήτυμον.

205 3509 260 3572 ubi
291 3513 399 3573 tamen
429 3508 533 3568 τοῦτο
564 3502 752 3568 mendosum
784 3508 841 3567 est.
888 3501 1059 3569 Habebunt
1088 3505 1174 3568 enim
1204 3503 1324 3568 scribae
1350 3524 1389 3567 ex

205 3621 252 3680 101
272 3612 407 3678 Homeri
429 3610 508 3676 locis
531 3609 655 3674 ἔνονλον
681 3606 727 3671 τό·

565 3715 612 3778 νο)
637 3715 672 3789 δὴ
694 3712 800 3778 τοῦτοί
825 3739 865 3792 γε
888 3713 1006 3780 τοὶντο.

206 3823 259 3890 ssd
280 3844 365 3888 nunc
387 3823 533 3908 quidem:

451 3927 499 3992 νο1
523 3927 558 4001 δὴ
582 3934 733 3991 ΤΟΤΤΟ
759 3950 818 4009 γε,
842 3925 964 4004 τέκνον,
990 3926 1149 4003 ἐτήτυμον.

205 4036 359 4120 scriptum
382 4035 532 4121 oportuit.
1161 4023 1168 4039 '

247 4137 375 4205 101000
398 4139 488 4204 Hiad.
513 4150 546 4204 B.
571 4137 648 4202 284.
673 4137 799 4203 Behher
822 4143 855 4202 et
877 4137 910 4204 la
931 4137 1038 4204 Roche
1063 4137 1247 4203 ediderunt:

362 4246 521 4325 Ἀτρεΐδη,
547 4250 597 4307 νῦν
622 4251 680 4307 ΔΗ
705 4243 893 4327 οε,το1νοξ,
920 4241 1067 4307 ἐθέλουσιν
1094 4241 1219 4322 ’Λχοιοὶ

363 4353 458 4414 πᾶσιν
484 4350 648 4428 έλέγχνςον
672 4347 805 4424 θέμενον.

205 4473 266 4518 οο0
288 4455 386 4521 dubio
409 4475 518 4521 errore.
556 4455 642 4519 Audi
667 4456 753 4519 euim
777 4455 932 4520 disertum
956 4453 1132 4520 Aristarchi
1151 4456 1390 4520 testimonium:
