3356 5084
222 545 302 634 Peg.
334 543 411 610 611.
444 539 475 608 2.
511 541 642 625 προσῆκέ
674 568 719 610 τον
743 547 799 621 την
822 546 914 626 ὁργῖςν
937 546 990 613 οὐκ
1013 546 1055 618 είς
1077 551 1136 613 τοῖν
1159 553 1291 614 πολιτῶν
1313 546 1366 616 τὸν

178 651 317 732 τυχὸντοο
349 649 475 734 οῖΦνένυν
505 649 564 716 οὐδ’
596 651 638 724 είς
665 651 725 724 τοῖς
750 651 936 734 ὁμοτέχνους
965 650 1123 740 [πέρνοος],
1148 655 1223 720 ἀλλ’
1246 657 1289 732 Ιείς
1314 655 1366 722 τὸν

177 763 281 824 τοῦτον
304 757 356 823 τὸν
379 755 486 838 τρθπον
509 781 544 821 τε
567 756 734 837 θρέψοντος.
782 757 818 823 In
842 757 933 824 libris
957 767 1005 824 eat
1028 758 1211 840 ὁμοτέχνους
1234 784 1277 826 τον
1299 785 1367 841 πορ-

178 863 248 940 νθς,
282 867 316 929 in
343 863 367 929 S
396 862 579 944 ὁμοτέχνους
613 863 740 948 πὸρνοις,
770 863 824 930 sed
847 867 956 950 inepta
979 870 1054 931 sunt
1075 865 1152 932 haec
1173 865 1368 933 emblemata

178 991 215 1035 ex
237 991 310 1059 pag.
340 969 417 1035 610.
444 969 497 1037 17.
536 972 675 1046 Σινώπην
698 971 944 1052 προσηνεχθροοζε
969 971 1021 1036 aa)
1047 971 1243 1054 Φοννοςρθτην
1261 974 1367 1054 saspa-

178 1100 249 1148 πους
283 1075 404 1157 πθρνοος.
453 1075 569 1142 Omnia
599 1082 674 1143 aunt
703 1080 737 1143 in
768 1078 875 1145 verbis
898 1079 941 1152 είς
964 1077 1024 1150 τοῖς
1047 1077 1245 1160 ὁμοτέχνους.
1293 1079 1365 1146 Non

177 1187 299 1269 poterat
321 1182 500 1249 mordacius
522 1203 618 1269 quam
642 1185 687 1250 aio
710 1183 824 1250 dicere.

222 1391 303 1480 Peg.
328 1389 403 1457 611.
432 1391 484 1458 15.
509 1391 559 1458 διὰ
582 1394 638 1470 την
661 1395 756 1459 atrro
779 1391 944 1476 βὸελυρίοον
966 1394 1018 1460 κυεῖ
1042 1397 1116 1470 θεοῖς
1141 1397 1276 1478 έχθρίοον.
1312 1397 1366 1463 Sic

178 1499 298 1584 optime
329 1501 470 1584 optimus
501 1501 645 1566 omniurn
679 1499 759 1565 liber
789 1499 821 1565 S.
869 1500 905 1566 In
930 1503 1060 1568 caeteris
1083 1507 1130 1567 eat
1154 1505 1228 1576 θεοῖς
1253 1502 1366 1582 ἐχθροῖν

178 1603 434 1686 αἰσχροκέρδειαν.
494 1605 571 1672 Erat
612 1608 647 1670 in
689 1611 816 1672 vetusto
860 1604 992 1687 Codice,
1031 1608 1115 1674 unde
1148 1608 1171 1674 S
1204 1611 1365 1687 manarit,

180 1719 509 1791 ΘΕΟΙΟΕΧΘΡΙΑΝ,
534 1711 617 1798 quod
640 1731 704 1778 uno
722 1713 818 1779 verbo
838 1718 904 1779 erat
923 1714 1122 1780 scribendum
1147 1716 1366 1795 θεοισεχθρίαν,

177 1837 238 1884 non
270 1818 393 1884 duobus
425 1820 499 1891 θεοῖς
527 1817 671 1900 ε’χθρίυν,
696 1824 734 1883 ut
756 1817 939 1885 Dindorfius
962 1819 1071 1885 edidit.
1117 1820 1176 1888 usa
1199 1823 1304 1905 enim,
1328 1824 1366 1885 ut

177 1927 381 2012 grammatici
412 1924 603 2011 loquuntur,
629 1925 664 1988 ἐν
689 1923 740 1989 δύο
763 1921 812 2000 έν,
838 1945 876 1990 ex
900 1927 1094 2010 appositione
1118 1929 1306 2011 compositio
1329 1931 1366 1991 ut

177 2030 209 2093 in
235 2031 354 2111 Ἄρειος
389 2031 492 2110 πνῖγος
523 2030 763 2111 Ἀρεοπαγίτης,
795 2027 936 2110 Μεγνὸλη
964 2029 1053 2102 πόλις
1078 2031 1363 2110 Μεγαλοπολίτης,

179 2137 249 2216 θνηρ
274 2136 393 2216 οὸγοοθὸς
416 2136 630 2216 οῖνὸροογονθίοο,
656 2135 751 2209 κοιλὸς
776 2137 915 2216 νοὸγοιθὸς
940 2136 1175 2222 κυλοκοὶγοιθίοο,
1199 2139 1366 2226 sicigitur
1419 2203 1421 2208 ,

177 2264 215 2308 ex
247 2243 322 2316 θεοῖς
356 2240 462 2324 έχθρὸς
495 2247 608 2309 natum
642 2249 689 2308 est
720 2243 918 2324 θεονοεχθρίοο.
965 2241 1147 2310 Dindorfius
1171 2245 1238 2329 ipse
1260 2245 1367 2310 rectia-

176 2350 256 2414 sime
279 2349 486 2436 Aristophani
508 2349 648 2415 reddidit
677 2348 760 2434 Veap.
786 2346 862 2414 418.

447 2451 468 2519 ὦ
492 2453 581 2527 πθλνς
607 2455 658 2520 κοί
685 2458 802 2536 Θεώρου
824 2453 1048 2536 θεΟΙΕεχθρίοι.

175 2580 231 2647 pro
253 2560 442 2643 θεοσεχθρίο.
490 2560 559 2642 Quo
579 2563 685 2649 magis
704 2564 804 2627 miror
824 2582 951 2647 prorsus
970 2560 1057 2640 idem
1075 2562 1230 2627 mendum
1252 2562 1363 2628 eodem

175 2666 269 2732 modo
298 2672 411 2732 natum
443 2665 646 2734 aDindorfio
667 2688 729 2733 non
752 2689 819 2734 esse
844 2668 1102 2734 animadversum
1135 2667 1218 2754 apud
1250 2667 1366 2734 Demo·-

175 2772 319 2838 athenem
342 2795 417 2862 pag.
443 2771 519 2841 761.
547 2771 598 2838 14.
625 2771 771 2849 οὐὸεμίοον
794 2774 857 2855 γὰρ
880 2771 919 2838 ὁν
943 2773 1039 2838 εἰπεῖν
1064 2773 1146 2854 ἔχοντ
1171 2771 1270 2849 ἄλλην
1294 2772 1367 2852 πρθ·

176 2882 292 2959 Φοσον,
327 2878 364 2944 δι’
396 2877 430 2957 ἣν
464 2883 595 2944 τοιοῦτον
626 2879 753 2960 έτθρθης
787 2881 971 2958 εἰσενεγκεῖν
1001 2877 1089 2958 νέμον
1120 2881 1137 2956 ἢ
1169 2880 1223 2956 την
1250 2885 1365 2945 τουτοῦ

152 2984 249 3062 Υθεοῖς
283 2983 395 3065 έχθρὸον
428 2982 685 3066 υῖτχροκέρὸερον.
741 2984 850 3050 Etiam
883 2985 936 3050 hic
969 2985 1075 3050 fuerat
1104 2983 1182 3050 olim
1212 2988 1246 3051 in
1275 2986 1366 3052 libris

179 3098 510 3168 ΘΕΟΙΟΕΧΘΡΙΑΝ,
543 3091 627 3177 quod
651 3111 749 3176 quum
777 3111 838 3156 non
862 3093 939 3156 satia
963 3096 1110 3176 caperent
1132 3093 1207 3164 θεοῖς
1231 3092 1366 3173 ἐχθρΑΝ

177 3195 347 3282 dederunt,
367 3201 399 3262 et
419 3200 492 3282 quia
510 3199 556 3262 sic
575 3216 691 3263 nornen
711 3195 838 3280 aliquod
859 3196 966 3261 abesse
985 3195 1169 3275 ridebatur,
1190 3196 1367 3277 οῖοχροκέρ-

177 3300 259 3368 dccxc
293 3303 331 3368 do
362 3323 420 3368 suo
452 3301 652 3369 addiderunt.
700 3301 822 3367 Passim
848 3301 921 3372 θεοῖς
947 3300 1051 3382 έχθρὸς
1076 3305 1108 3366 et
1131 3303 1238 3368 θεοῖτον
1262 3301 1366 3383 έχθρὸς

174 3407 311 3496 legitur,
344 3408 397 3474 sed
429 3429 554 3494 semper
580 3413 612 3474 et
635 3408 754 3493 ubique
779 3407 817 3474 de
839 3405 956 3472 θοννίοιο
978 3405 1113 3485 dicitur,
1137 3407 1261 3473 nonde
1285 3410 1366 3474 vitio

176 3513 281 3601 aliquo
305 3514 358 3582 vel
380 3515 519 3602 flagitio,
544 3535 625 3600 quae
648 3515 756 3580 omnia
778 3512 907 3599 perinde
931 3513 992 3576 dita
1014 3512 1081 3577 odio
1103 3512 1198 3580 fuisse
1221 3516 1298 3578 satia
1327 3535 1365 3579 ex

175 3622 243 3706 ipsa
273 3642 307 3687 re
338 3625 470 3688 constat.
517 3619 626 3685 Etiam
659 3621 809 3701 θεοφιλεῖς
842 3623 875 3685 et
905 3619 1053 3696 θεομντεῖς
1078 3623 1111 3683 et
1132 3619 1223 3700 φίλος
1246 3619 1365 3683 οὸθοονοὸ-

173 3750 250 3791 τονσν
281 3728 372 3793 θεοῖσι
403 3746 527 3812 semper
560 3725 598 3790 de
628 3725 795 3790 θοννῖννὸὁυε
817 3725 881 3790 diei
903 3723 1022 3808 solent,
1038 3699 1088 3788 'nt
1110 3745 1184 3811 pag.
1209 3722 1285 3790 687.
1311 3723 1364 3790 19.

173 3833 223 3899 tet
255 3834 310 3908 την
340 3833 400 3899 τῶν
433 3831 616 3914 κυτοιρθτυν
650 3832 702 3897 νοοῖ
735 3833 809 3904 θεοῖς
842 3832 953 3911 ἐχθροῖν
984 3829 1108 3910 ῥητθρων
1140 3830 1300 3908 πονηρίαν,
1333 3836 1366 3897 et

173 3941 348 4025 sexcenties
370 3939 458 4007 alibi.

218 4152 299 4240 Peg.
323 4151 399 4218 612.
420 4151 441 4217 2
473 4171 660 4218 enumerans
680 4149 864 4228 maledicta,
887 4150 1004 4236 quibus
1023 4149 1225 4233 importunus
1242 4149 1361 4218 Andro

174 4261 241 4326 tion
266 4262 350 4325 cives
373 4259 563 4325 incessebat:
589 4257 639 4324 τὸν
663 4258 738 4336 μέν,
763 4259 884 4341 inquit,
911 4255 1015 4322 δοῦλον
1039 4251 1099 4334 ἔφη
1125 4253 1177 4318 κοί
1200 4254 1234 4320 έκ
1252 4254 1363 4322 δούλων

173 4360 266 4443 sicar,
287 4403 330 4414 -
346 4365 389 4446 τῷ
414 4364 446 4429 δὲ
470 4364 588 4436 πυῖὸοις
612 4364 646 4427 έν
672 4362 779 4440 πθρνης
802 4357 896 4446 εἶνου,
921 4364 975 4426 τοῦ
1002 4358 1032 4424 δέ
1056 4359 1108 4423 τὸν
1131 4359 1252 4440 ποτέρου
1277 4363 1362 4436 ὁτου-

172 4469 308 4553 ρηκένοον,
337 4472 446 4539 τοῦδέ
471 4468 671 4552 τθνμητέρυ
695 4471 932 4552 πεπορνεθοθοιν,
951 4503 993 4517 -
1010 4465 1062 4531 τὸν
1085 4463 1116 4532 dd
1147 4465 1221 4534 τόθ’
1253 4465 1359 4534 εὸνυο.
