3304 5090
856 327 922 407 286

295 529 406 603 αὐτοὺς
431 529 655 610 περιαιρεθῆναέ
673 534 762 609 Φησι.
786 535 850 602 πῶς
869 529 932 609 γάρ
951 531 1150 595 ἈΓΝΟΩΝ
1167 528 1220 594 τὸν
1238 524 1333 608 ἄνδρα
1354 525 1491 606 praced-

295 660 363 701 εται
395 636 479 716 αὐτῷ
507 638 562 712 τὴν
586 636 759 715 θυγατέρας
782 635 890 702 Facile
912 635 1127 723 intelligimus
1146 649 1325 720 numquam
1349 637 1494 701 Aristar-

295 744 392 808 chum
413 763 504 807 auam
524 741 624 807 filiam
644 743 743 822 ι’ραοίο
762 743 875 808 lomim·
893 746 927 807 in
946 743 1190 807 matrimonium
1210 741 1361 806 daturum
1373 741 1492 820 fuisse,

294 850 411 915 nedum
445 854 483 913 ut
505 851 573 934 ipse
595 847 680 914 ultro
704 851 734 914 ei
757 849 838 914 hanc
862 849 1075 915 conditionem
1100 847 1240 930 offerret,
1264 847 1319 912 aed
1342 847 1493 912 heroicae

296 957 409 1021 aetatis
432 953 496 1020 alie
518 957 600 1020 ratio
624 961 691 1020 eret
715 959 748 1019 et
771 953 829 1019 alii
850 974 955 1021 mores
978 958 1011 1019 et
1034 955 1210 1039 opiniones:
1235 953 1268 1016 οὐ
1287 953 1352 1033 γάρ
1370 955 1414 1024 εἰς
1434 953 1492 1017 τὸν

296 1064 428 1128 πλοῦτον
456 1057 602 1142 ἀφεώρων
629 1061 655 1124 οἱ
681 1060 809 1125 παλαιοὶ
834 1062 909 1126 ἄλλ’
932 1060 975 1132 εἰς
999 1059 1054 1132 τὴν
1079 1059 1189 1140 άρετην
1209 1059 1272 1123 άπὸ
1296 1066 1352 1134 τῆς
1374 1057 1490 1138 ὂψεως.

522 1165 658 1244 βασιλῆϊ
680 1165 742 1246 γάρ
767 1165 849 1247 άνδρὶ
875 1165 974 1238 ἔοικας
1001 1163 1072 1253 (od.
1098 1173 1146 1230 Ω.
1173 1162 1263 1251 253.)

380 1305 381 1310 ¹
455 1279 547 1354 γενεῇ
570 1271 602 1336 δὲ
627 1272 700 1344 Διὸς
723 1269 876 1350 μεγάλοιο
900 1271 1012 1347 ἐΐκτην.
1037 1269 1109 1357 (Od.
1134 1281 1174 1336 A.
1199 1269 1271 1356 27.)

453 1373 508 1445 olet
530 1403 565 1445 τε
589 1379 729 1444 άνάιιτοιν
754 1380 869 1452 παῖδες
893 1377 987 1446 ἔασιν.
1013 1377 1085 1466 (Od.
1108 1386 1150 1444 N.
1174 1376 1265 1462 223.)

454 1485 520 1550 έπε)
547 1484 581 1550 οὔ
604 1509 639 1550 ιιε
663 1484 751 1551 κοινοὶ
776 1484 911 1551 τοιούσδε
934 1484 1056 1550 τέκοιεν.
1084 1482 1155 1572 (Od.
1181 1493 1220 1548 Δ.
1246 1481 1314 1570 64.)

340 1588 467 1655 Bonum
498 1591 619 1656 iactum
650 1591 734 1676 quod
764 1594 919 1658 eximium
951 1591 1059 1658 locum
1088 1592 1245 1656 intectum
1267 1588 1488 1675 reliquerunt,

165 1687 168 1693 ’
295 1715 397 1780 neque
431 1717 470 1761 ex
503 1717 650 1782 perversa
680 1700 827 1783 opinione
856 1696 1033 1783 praeclaros
1062 1717 1173 1764 versus
1203 1703 1369 1778 περιεῖλον,
1400 1695 1491 1781 quod

296 1801 499 1867 Aristarchus
520 1805 636 1868 merito
660 1801 728 1868 lieri
751 1805 883 1870 dixerat.

342 1904 378 1972 Si
408 1908 484 1992 quid
514 1907 688 1975 Plutarcho
720 1911 879 1976 eredimus
909 1913 946 1976 dc
975 1909 1136 1975 ονιῖίσνιιίιί
1155 1910 1254 1993 podiis
1275 1930 1350 1997 pag.
1374 1905 1429 1974 26.
1455 1927 1487 1974 r.

296 2031 406 2080 versus
429 2034 467 2079 ex
491 2013 583 2080 Iliad.
608 2014 634 2081 Ι.
659 2015 848 2082 458-461.
884 2017 1086 2084 Aristarchus
1105 2018 1275 2103 expunxit:
1295 2016 1309 2080 i
1329 2015 1387 2093 μέν
1404 2016 1490 2096 'Api-

297 2141 433 2201 σταρχος
457 2119 557 2198 ἐξεῖλε
579 2120 622 2186 τά
646 2119 704 2197 έπη
729 2123 888 2204 Φοβηέεές.

341 2223 427 2290 Setis
459 2231 507 2292 est
539 2227 649 2292 damni
679 2229 763 2313 quod
788 2251 828 2295 ex
848 2230 1069 2295 huiuscemodi
1091 2231 1198 2315 pravis
1221 2234 1253 2294 et
1276 2229 1490 2315 praeposteris

296 2331 497 2416 opinionibus
514 2333 640 2418 saepius
658 2337 838 2421 perineptas
856 2337 1130 2421 interpretationes
1146 2335 1238 2401 nobie
1257 2335 1487 2422 procuderant,

297 2457 432 2522 quarum
456 2437 603 2524 exempla
625 2439 781 2524 quaedam
805 2441 959 2506 subiicere
982 2444 1083 2507 iuvat.

341 2541 379 2607 In
410 2540 522 2630 Odyes.
553 2553 586 2608 Β.
622 2543 695 2610 133.
729 2551 927 2612 commentus
957 2552 1005 2612 est
1036 2545 1168 2632 aliquis,
1200 2550 1252 2612 eni
1275 2545 1489 2614 Telemachus

296 2649 323 2716 εἱ
342 2647 408 2728 περὶ
426 2648 596 2728 χρημάτων
617 2647 709 2730 έλεγε
729 2651 930 2732 σμικρολόγος
951 2650 989 2716 άν
1008 2652 1172 2732 ἐφαίνετο,
1192 2651 1366 2719 mirificum
1386 2651 1488 2738 quod·

296 2755 370 2821 dam
402 2753 597 2835 ὑπέρβοτον,
621 2757 706 2842 quod
728 2777 822 2824 nemo
845 2758 879 2822 in
902 2755 1038 2822 Scholiis
1061 2759 1128 2824 sine
1149 2760 1217 2823 risu
1238 2761 1356 2844 poterit
1377 2758 1488 2848 legere

297 2866 354 2926 aut
375 2859 490 2926 saltem
512 2861 665 2952 relegere.

340 2965 412 3032 Non
449 2969 556 3033 minus
590 2968 741 3034 absurdae
777 2973 810 3034 et
843 2967 1046 3035 incredibiles
1081 2971 1280 3036 traiectiones
1315 2971 1353 3036 de
1382 2969 1486 3037 nihilo

295 3073 454 3140 finxerunt
483 3075 518 3138 in
548 3072 631 3139 Iliad
662 3083 692 3144 Ξ.
727 3074 756 3139 1.
788 3095 828 3142 ne
851 3075 967 3141 Nestor
989 3083 1097 3162 potare
1119 3076 1298 3153 videretur,
1322 3078 1405 3162 quod
1427 3080 1486 3143 isti

296 3183 329 3246 οὐ
362 3181 447 3245 κατὰ
482 3179 659 3258 πρεσβύτην
695 3202 761 3247 esse
794 3181 995 3260 iudicabant,
1029 3183 1113 3268 quod
1144 3189 1252 3249 eontra
1281 3203 1348 3248 esse
1379 3185 1485 3248 sciunt

296 3307 415 3353 omnes.
446 3285 509 3352 Vix
532 3291 580 3352 eat
604 3287 754 3353 credibile
776 3287 873 3354 fuisse
895 3290 952 3374 qui
974 3289 1072 3356 rerba
1092 3293 1203 3375 potitae
1225 3291 1272 3355 ita
1289 3289 1400 3368 βιαίως
1421 3289 1485 3355 dis·

295 3395 495 3482 tinguerent:

432 3498 552 3580 Νέςορα
578 3498 604 3565 δ’
627 3501 681 3567 οὐκ
705 3498 812 3566 ἔλαθεν
835 3501 930 3582 laxat,
957 3499 1085 3567 πίνοντά
1108 3523 1164 3584 περ
1188 3498 1290 3579 έμπηρ

431 3605 505 3670 άλλ’
530 3606 761 3683 Ἀσκληπιάδην
786 3606 865 3673 ἔπεα
887 3606 1057 3689 πτερόεντα
1079 3607 1255 3689 προσηύδα,

296 3717 335 3778 ut
356 3729 419 3776 non
440 3710 556 3779 Nestor
578 3713 632 3778 sed
655 3712 813 3780 Machaon
836 3713 1023 3781 vulneratus
1044 3720 1177 3801 potaret.
1224 3713 1316 3781 'Polie
1337 3716 1419 3781 sario
1437 3737 1488 3782 re-

296 3817 399 3883 futare
432 3818 503 3903 quie
537 3816 740 3905 dignabitur?
785 3818 944 3886 Similiter
973 3823 1008 3886 in
1037 3820 1129 3887 iliad.
1160 3827 1201 3887 T.
1236 3818 1313 3887 218.
1337 3830 1369 3887 et
1390 3819 1487 3887 Iliad.

295 3933 338 3992 Π.
364 3921 441 3989 849.

431 4029 519 4094 άλλά
543 4053 585 4108 με
609 4033 688 4111 μοῖρ’
712 4031 783 4105 ὀλο)
807 4031 859 4098 κα)
885 4037 1007 4108 Λητοῦς
1032 4032 1157 4100 ἔκτανεν
1177 4033 1255 4109 υἷάς,

432 4133 543 4215 ἀνδρῶν
568 4135 593 4201 δ’
618 4135 799 4217 Εὔφορβος,
824 4137 861 4202 σὺ
887 4137 919 4202 δέ
942 4164 984 4216 με
1007 4141 1105 4220 τρίτος
1131 4135 1318 4220 ἐξεναρίζεις.

296 4241 354 4307 ubi
381 4242 573 4328 gravisum
603 4245 746 4327 quaestio
775 4245 891 4310 oritur:
916 4250 979 4318 πῶς
1002 4245 1156 4326 τέσσαρας
1180 4243 1415 4325 καταριθμήοας
1442 4281 1488 4297 -

297 4348 434 4428 ἐπιφέρει
465 4347 509 4412 σὺ
543 4346 583 4413 δέ
613 4373 664 4428 με
695 4356 854 4415 TPITOC
886 4349 1082 4433 έξεναρέζειος
1115 4358 1220 4439 spreta
1245 4348 1489 4435 simplicissima

295 4453 453 4524 solutione
474 4454 621 4521 nonnulli
644 4455 684 4522 ad
708 4455 881 4538 ὑπέρβατον
906 4458 1133 4548 confugerunt,
1158 4464 1196 4526 ut
1213 4457 1311 4526 raba
1329 4453 1421 4542 quasi
1439 4459 1488 4526 sic
