3356 5086
698 407 762 476 889

135 595 216 662 Vera
241 593 333 660 lectio
366 600 415 661 est
437 597 522 682 apud
545 597 795 665 Demosthenem
818 619 891 688 pag.
921 597 1020 665 1385.
1044 597 1077 664 2.
1101 595 1146 664 θοι
1160 637 1202 648 -
1215 594 1324 680 οἱλςίοις

137 703 290 782 -ίερεῖον
319 698 441 780 ἔθυσεν,
474 703 532 768 nbi
555 702 586 768 S.
611 721 735 770 αλοοιοιο
758 711 882 790 servet,
907 707 1021 772 caeteri
1046 704 1122 769 οὶλῶι
1147 700 1204 768 οἷο.
1251 705 1325 770 Non

134 807 353 894 intelligebant
376 807 454 894 quid
477 813 559 874 esset
583 819 780 876 ΑΛΩΙΟΙΟ.
821 809 939 876 Sedulo
962 810 1133 875 admonent
1156 807 1324 884 Gramma·

134 915 194 978 tici
221 915 301 1000 apud
332 913 512 979 Homerum
544 923 715 980 AAmAC
748 917 802 981 σὺν
833 919 874 998 τῷ
907 927 920 981 1
951 917 1153 982 scribendum
1182 926 1220 982 E.
1245 914 1322 982 499.

134 1019 272 1106 littymol.
295 1019 342 1085 M.
371 1019 425 1086 74.
448 1019 504 1085 22.
528 1021 583 1088 sed
605 1021 751 1088 Editor-cs
775 1043 837 1088 non
861 1023 1004 1089 audiunt.

183 1115 287 1191 ΘΩΙΗ
318 1145 382 1191 non
412 1127 489 1204 θεοί,
522 1132 554 1192 et
585 1128 678 1206 ἀθῷος
710 1149 773 1193 non
796 1130 887 1202 οὶθῶοο
912 1149 979 1194 esse
1003 1126 1162 1195 Graecum
1186 1127 1262 1192 audi
1284 1149 1324 1194 ex

134 1231 325 1322 thmologo
360 1233 407 1298 M.
443 1256 474 1301 v.
510 1233 670 1314 ’Λθῷοςτ
696 1272 739 1283 -
763 1233 832 1316 ἔχει
865 1235 895 1300 δὲ
927 1233 962 1300 τθ
995 1244 1008 1299 1
1041 1235 1076 1300 ἐκ
1106 1233 1322 1316 παραδόσεως,

133 1337 237 1414 ἐπειδη
260 1338 378 1420 εἴρηται
402 1340 493 1413 θοιΐη
517 1341 556 1406 otc
582 1342 656 1420 παρ’
679 1339 874 1422 Ἀρχιλόχῳ·

491 1447 530 1517 ὥς
555 1445 579 1510 δ’
605 1443 644 1510 tv
667 1470 703 1510 σε
726 1446 818 1521 θοοΐη
842 1444 948 1524 λοίβοι.

181 1551 288 1638 Itaque
311 1552 454 1618 Homero
476 1551 648 1636 reddemus
671 1561 711 1617 N.
738 1550 815 1617 669.

289 1660 332 1739 τῷ
355 1658 382 1740 ῥ’
404 1655 477 1736 ἅμα
499 1657 529 1722 τ’
552 1655 711 1738 ἀργαλέην
736 1657 810 1740 tota
833 1657 968 1726 ἀλέεινεν
994 1655 1145 1737 Ἀχαιῶν.

134 1767 167 1829 et
190 1763 223 1840 β.
250 1761 325 1831 191.

447 1872 492 1938 τοί
517 1873 566 1946 δὲ,
592 1872 695 1952 γέρον,
721 1874 795 1956 θιρὶρν
819 1871 1011 1950 ἐπιθήσομεν.

177 1977 313 2044 Fallitur
343 1977 523 2064 Stephanus
550 2001 582 2046 v.
607 1981 709 2052 Ἄθως
741 1981 893 2049 scribens:
926 1981 960 2044 τὸ
995 1977 1118 2043 τοπικὸν
1148 1977 1320 2044 ”henoc

133 2085 224 2167 χωρὶς
256 2088 311 2149 τοῦ
344 2095 357 2148 1
382 2121 427 2135 --
449 2085 485 2150 τὸ
517 2085 548 2150 δὲ
582 2086 689 2161 δηλοῦν
713 2087 748 2151 τὸ
772 2085 900 2167 αζοίμιον
923 2088 1171 2165 προπεριοπῖοται
1195 2083 1247 2148 καὶ
1273 2083 1322 2150 διὰ

134 2195 187 2256 τοῦ
216 2200 229 2254 1
261 2188 449 2279 (γράφεται)
484 2193 519 2256 ὲκ
549 2200 605 2266 τῆς
638 2193 722 2273 θορῆς.
769 2192 907 2257 Nullum
943 2197 991 2258 est
1025 2193 1111 2256 enim
1145 2211 1262 2256 nomen
1290 2193 1324 2254 in

136 2306 282 2363 -ΩΟΟ
313 2300 437 2375 exiens,
470 2302 507 2362 ut
537 2298 632 2364 modo
664 2298 824 2382 diximus,
857 2303 889 2363 et
912 2298 995 2383 apud
1017 2295 1198 2363 Homerum
1221 2299 1324 2384 igitur

135 2413 172 2468 Τ.
205 2403 256 2469 11.
289 2403 414 2485 πρίτῳοι
439 2405 673 2470 emendandum
697 2411 729 2471 et
754 2415 800 2470 Ω.
825 2403 902 2470 288.
926 2403 1057 2485 προςςθου
1082 2409 1114 2469 et
1136 2407 1209 2468 sim.
1234 2403 1322 2468 alibi.

135 2508 229 2575 Recte
261 2510 368 2576 editur
399 2510 508 2591 κολῳθν
540 2521 577 2576 A.
614 2509 691 2576 575.
726 2519 758 2576 et
790 2507 904 2590 ἐκολῴα
937 2521 968 2574 Β.
995 2507 1072 2575 212.
1097 2509 1150 2576 ssd
1173 2509 1323 2576 mendose

135 2617 216 2702 apud
238 2615 462 2704 Hesychium:
488 2617 571 2691 θωνίτ
595 2616 748 2698 ζημία-
763 2612 826 2681 θθεν
849 2617 862 2681 θ
887 2616 1016 2698 οὶζιίμιοο
1047 2617 1178 2688 citior.

574 2866 681 2922 AssCI
695 2895 736 2905 -
751 2864 884 2923 holel.

177 3039 269 3107 Iliad.
295 3051 334 3106 A.
361 3039 435 3106 129.

836 3147 872 3212 αί
894 3147 928 3212 κέ
953 3148 1020 3212 ποθι
1043 3146 1118 3220 Ζεθς
1143 3151 1145 3154 ’

337 3263 460 3319 Antei
485 3251 573 3319 πθλιν
597 3256 701 3334 Τρῳην
725 3256 884 3334 εὐτείχεον
906 3251 1122 3330 ἐξαλαπάξαι.
1150 3327 1158 3338 ι

178 3359 285 3426 fichol.
316 3362 352 3425 in
375 3370 413 3424 A.
439 3358 552 3433 Ζοίῖλος
577 3361 590 3423 t
614 3362 849 3440 Ἀμφιπολίτης
875 3359 925 3424 καὶ
950 3357 1126 3440 Χρύσιππος
1150 3361 1164 3424 θ
1189 3361 1323 3434 Στωϊκὸς

136 3465 309 3546 σολοικίζειν
337 3465 449 3547 οἴονται
474 3467 524 3530 τὸν
548 3467 673 3540 ποιητὴν
698 3464 766 3530 αντὶ
793 3467 888 3531 ἑνικοῦ
913 3467 1104 3546 πληθυντικῷ
1128 3464 1323 3546 χρησοίμενον

135 3575 258 3650 ρἰίματι.
285 3573 319 3636 τὸ
342 3573 406 3653 γὰρ
428 3580 535 3636 noel
556 3572 638 3651 φατὶ
659 3571 870 3645 πληθυντικόν.
905 3569 1138 3637 Perabsurdum
1157 3571 1238 3636 hunc
1257 3575 1322 3657 opi-

135 3679 259 3743 nionem
293 3676 381 3742 facili
412 3679 540 3764 negotio
572 3677 774 3743 Aristarchus
805 3677 922 3742 refutat
953 3677 1065 3742 docens
1089 3673 1134 3741 θτι
1159 3675 1194 3740 τὸ
1218 3686 1231 3741 Ι
1256 3676 1324 3756 ἔχει

135 3786 347 3866 προσκείμενον
372 3787 404 3848 et
426 3803 612 3869 comparans
636 3791 780 3849 ‹offlclN
805 3783 982 3849 ἐλεύσεσθαι
1008 3782 1122 3869 Odyss.
1141 3806 1173 3847 α.
1195 3781 1270 3847 168.
1291 3789 1324 3849 et

267 3889 369 3956 εἰοθκε
393 3913 443 3965 μοι
468 3887 561 3967 μοίλα
585 3887 692 3955 ποίντα
716 3890 819 3969 πατὴρ
843 3891 1064 3954 οξποΔΩΙΕΙΝ
1088 3885 1184 3953 ἔεδνα.

178 3996 293 4085 Odyss.
324 3995 350 4060 θ.
376 3992 451 4060 318.
491 3993 710 4062 Manifestum
732 4002 842 4062 antem
864 4001 913 4062 est
935 3997 970 4060 in
992 3993 1073 4060 Zoili
1096 4000 1128 4060 et
1151 3991 1325 4082 Chrysippi

134 4102 222 4170 libris
245 4102 281 4166 τὸ
305 4101 602 4181 προσγεγραμμένον
624 4103 701 4167 ίῶτα
725 4103 822 4168 fuisse
848 4104 1013 4168 omissum.
1062 4100 1166 4181 Quam
1189 4100 1324 4185 proclivi

134 4229 235 4276 errore
266 4206 346 4274 tales
377 4209 551 4293 scripturae
583 4211 739 4274 vitientur
769 4213 959 4297 argumento
989 4211 1063 4274 sunt
1091 4206 1142 4272 1111
1172 4207 1235 4292 ipsi
1260 4205 1324 4273 loci

135 4317 249 4401 quibus
282 4314 484 4380 Aristarchus
517 4335 595 4380 usus
629 4321 687 4380 est.
733 4314 771 4379 In
807 4313 918 4401 Odyss.
957 4339 990 4378 α.
1028 4308 1094 4377 168
1123 4335 1219 4376 mccc
1246 4311 1322 4378 libri

136 4423 285 4489 exhibent
316 4419 410 4501 φησὶν
435 4425 492 4485 aut
514 4421 627 4504 φήσει,
652 4441 726 4486 vera
748 4420 843 4486 lectio
866 4424 899 4485 in
924 4419 1102 4485 Aristarchi
1122 4421 1323 4486 annotatione

136 4531 262 4594 tantum
293 4532 418 4594 servata
446 4532 504 4594 est.
550 4526 709 4593 Similiter
738 4525 852 4613 Odyss.
885 4527 899 4591 θ
931 4525 1006 4592 818.
1038 4525 1146 4592 nullus
1173 4530 1220 4592 est
1242 4526 1324 4594 liber
