3356 5086
893 309 958 382 842
1044 343 1050 348 ·

601 504 662 570 ὤεα
685 503 783 586 χανδς
806 507 1026 588 ιιῶλειιτορίδων
1049 513 1211 582 πετεηνῶν.

376 610 545 689 Σιμωνίδης
571 610 601 676 ἒν
625 609 749 692 δευτέρῳ
774 609 917 690 ίοίμβων·

603 712 659 782 οἶόν
682 741 716 782 τε
740 717 835 799 χηνδο
859 719 927 784 ὤεον
950 718 1151 799 Μαιανδρίου.

375 821 413 890 In
435 823 487 889 hie
508 823 661 890 nonnulla
683 825 880 891 emendanda
901 831 976 891 sunt
1000 833 1033 892 et
1051 824 1236 912 supplenda.
1260 823 1411 892 Primum
1432 829 1522 892 resti·

330 930 441 996 tuendi
464 935 539 996 sunt
561 934 702 1010 numeri,
728 935 879 1018 quoniam
902 953 941 998 ex
964 934 1015 999 his
1039 953 1187 1019 apparere
1209 932 1302 998 debet
1321 935 1405 998 sitne
1424 932 1522 1022 disyl-

329 1034 441 1102 labum
459 1059 575 1104 nomen
598 1058 638 1104 an
661 1037 876 1126 trisyllabum.
923 1037 1050 1126 Sappho
1073 1042 1140 1117 ita,
1166 1039 1275 1116 credo,
1299 1041 1475 1106 cecinerat:

512 1145 592 1210 Φαοί
617 1145 653 1220 δη
678 1168 753 1211 ποτε
776 1145 884 1221 Λήδαν
906 1145 1063 1212 ῶαιιίνίΩΙ
1087 1146 1322 1226 πεπνκαδμίνον

512 1250 608 1331 εὑρεῖν
631 1250 710 1316 ὤίον.

376 1355 587 1443 Epicharmus
610 1358 817 1444 anapaesticis
839 1359 983 1426 numeris
1006 1359 1106 1426 dixit:

603 1463 663 1528 ὤεα
685 1464 784 1544 χανδο
807 1466 1021 1546 αὴλεκτορίδων
1044 1472 1205 1541 πετεηνῶν.

332 1590 395 1636 non
417 1567 635 1650 κῶιέντοριδων
660 1571 740 1636 erasi
762 1571 880 1636 Attice.
905 1568 969 1636 Sed
992 1591 1088 1656 quem
1110 1591 1173 1638 non
1192 1569 1326 1638 offendet
1345 1569 1523 1637 mirificum

331 1677 496 1764 epitheton
528 1675 665 1757 ρωίίίιιωο
702 1693 882 1762 reuocare,
916 1677 1108 1758 ὤλειιτοριδετ
1143 1674 1311 1752 πετεηναίί
1357 1677 1524 1745 Ειοὶὤίεεο

332 1786 485 1858 nonnulla
507 1784 647 1868 suspicor
668 1787 701 1847 et
722 1780 830 1847 locum
854 1784 899 1848 sic
921 1803 988 1849 essa
1011 1783 1219 1870 explendum:

468 1892 529 1958 ὤεα
550 1891 648 1970 χανὸς
672 1888 888 1968 αήιιεκτοριδων
910 1889 963 1953 καί
987 1897 1045 1955 τῶν
1068 1889 1174 1956 ἄλλων
1198 1895 1360 1964 πετεηνῶν.

380 1999 560 2070 Simonides
579 2002 688 2063 antem
709 2016 767 2060 sue
786 1994 921 2061 dialecto
937 1995 1024 2082 ὤίον,
1040 2017 1103 2063 non
1119 1996 1187 2061 ὤεον
1202 1997 1362 2083 scripsisse
1379 1996 1520 2072 ridetur,

331 2117 371 2179 ut
392 2107 554 2175 Herodoto
577 2105 703 2189 saepius
722 2102 809 2180 ὤίον,
830 2103 919 2181 dioc,
940 2101 999 2168 ὤία
1018 2103 1215 2170 reddendum
1233 2107 1281 2168 eet
1299 2122 1355 2188 pro
1376 2100 1431 2175 ῶίν
1446 2107 1520 2168 cett

333 2239 414 2306 quaa
444 2213 551 2280 Attica
580 2213 669 2287 sunt,
701 2228 764 2273 non
792 2207 908 2275 Ionica.
954 2209 992 2274 In
1013 2209 1105 2274 libris
1127 2209 1357 2276 vetustioribus
1378 2213 1417 2274 ut
1440 2211 1521 2290 ζῶιον

331 2331 380 2394 ita
410 2327 442 2389 et
472 2317 536 2384 ὤιίν
566 2318 604 2381 nt
634 2315 812 2402 plurimum
834 2319 989 2402 scriptum
1012 2321 1060 2383 est
1083 2321 1116 2384 et
1138 2320 1210 2396 ὤοῦ,
1236 2315 1280 2382 cat
1303 2321 1378 2382 suut
1401 2315 1522 2382 formae

331 2435 475 2502 vitiosae.
521 2422 619 2490 Dedit
640 2427 749 2487 tamen
771 2419 927 2508 Hesychii
950 2423 1081 2488 Editor:

695 2526 820 2604 ὤβεαι
852 2528 895 2593 τοὶ
918 2527 973 2594 ὤοί.
1000 2527 1146 2611 Ἀργεῖοι.

377 2641 468 2709 idem
491 2635 674 2725 Hesychius
691 2636 855 2707 ,samemtz

652 2740 936 2819 ῶβεοαίπταςτ
968 2741 1039 2815 τοὺς
1063 2737 1163 2822 ίΦεις.

333 2860 389 2927 sod
417 2875 480 2921 nou
509 2872 573 2918 uno
601 2851 730 2915 nomine
759 2848 862 2914 forma
892 2846 970 2914 haec
999 2849 1083 2914 mihi
1113 2848 1190 2914 olim
1221 2853 1366 2934 suspecta
1392 2855 1458 2916 eet:
1483 2871 1522 2917 ex

334 2965 456 3033 νίπτειν
485 2955 687 3040 ίρτογονίπος
718 2959 750 3020 et
779 2953 900 3020 similia
930 2954 1035 3020 muita
1064 2959 1247 3020 nascuntur.
1293 2955 1416 3022 Deinde
1444 2957 1523 3042 quid

332 3075 380 3140 ast
410 3067 456 3150 ᾠδι
486 3059 630 3131 αίπτεινί
676 3063 823 3149 Angues,
855 3060 962 3137 oredo,
996 3080 1057 3128 ove
1086 3080 1150 3125 nou
1180 3059 1324 3142 ἔκοπτον,
1349 3061 1404 3128 sed
1429 3061 1521 3137 ἡδὲωο

332 3176 482 3251 ἔναττον,
505 3170 589 3237 unde
612 3166 818 3248 ῶβεοιωίπτας
843 3167 1017 3254 appellatos
1039 3187 1106 3234 esse
1129 3166 1275 3234 arbitror.

864 3481 986 3554 xxm.

729 3699 874 3762 nutent
900 3731 943 3746 -·-
966 3705 1123 3768 ΠΛΙΞΑΙ.

564 3807 875 3870 ΦΙΛΟΠΑΙΟΜΩΝ
900 3839 943 3853 -
968 3811 1291 3872 ΦΙΑΟΠΑΙΓΜΩΝ.

378 4017 481 4101 Quem
505 4019 547 4082 sit
568 4015 682 4103 lingua
703 4013 875 4080 Homerica
896 4023 935 4096 τῇ
959 4021 1085 4100 παλαιᾷ
1109 4013 1224 4082 'Astiis
1249 4013 1423 4086 similisin
1450 4036 1521 4083 ver

331 4129 446 4195 borum
464 4125 591 4201 formis,
612 4122 839 4207 compositione
858 4126 889 4187 et
909 4142 970 4188 usu
989 4122 1103 4190 multis
1122 4122 1278 4209 exemplis
1294 4121 1373 4188 elias
1388 4121 1521 4189 demon·

332 4237 490 4300 straturus
507 4249 592 4295 nunc
609 4230 643 4293 in
662 4247 726 4293 uno
749 4228 921 4293 ostendam.
957 4227 1083 4310 Παίζειν
1107 4229 1191 4315 apud
1212 4231 1289 4294 solor
1310 4229 1521 4296 Athenienses

331 4343 454 4408 veteres
472 4336 568 4402 habet
588 4332 722 4412 ἔπαισα,
743 4334 915 4414 πέπανται,
937 4335 1114 4420 πεπαίσθω,
1126 4335 1266 4414 παιςέον,
1280 4335 1517 4418 φιλοπαίσμων,

332 4442 527 4526 τομπαιςής,
553 4441 767 4523 ονμπαίςρια,
793 4440 994 4522 ονμπαίεωρ,
1020 4447 1252 4525 ψηφοπαιεεῑντ
1278 4441 1361 4530 apud
1380 4441 1521 4528 reliquos
