3356 5084
720 375 785 455 515

154 574 180 638 εἰ
202 574 266 652 γὺρ
288 571 342 638 καὶ
368 571 454 637 κατὰ
476 571 581 655 μικρόν
603 575 688 657 θπηόει
711 575 755 640 τιἰ
777 578 897 640 τοιαῦτ’
918 579 1001 660 αὑτῷ
1018 587 1159 664 σκοπεῖν,
1181 581 1235 646 sod
1255 578 1341 662 ἐπέρ-

153 679 251 759 χεταί
273 702 324 758 μοι
349 679 434 760 ὀρθῶς
458 688 583 746 σκοπεῖν
605 682 720 749 vitioso
743 686 775 747 et
798 684 905 768 inepto
928 684 1051 749 dioinm
1074 690 1131 750 est.

195 919 277 1007 Pog.
304 915 380 984 575.
405 917 436 984 6.
461 923 511 984 νῦν
535 917 573 984 οἰν
597 919 811 1002 διακρούσηται
836 918 932 987 πόλιν
955 923 1050 996 αὑτός
1070 923 1181 996 ἐκεῖνος
1201 917 1231 988 ὑν
1253 923 1341 1003 ὑμεῖς

151 1026 197 1096 ῖςε
231 1025 411 1103 γενήσεται.
457 1024 494 1089 ln
516 1024 678 1091 nonnullis
701 1026 794 1092 libris
817 1033 865 1092 est
887 1027 901 1090 ό
926 1029 1020 1102 αὑτὸς
1045 1030 1154 1104 ἐκεῖνος
1176 1031 1272 1116 idque
1294 1054 1341 1098 ro·

152 1131 291 1217 quiritur
316 1131 419 1209 „idem
442 1131 497 1195 ille
520 1151 615 1216 quem
638 1132 767 1197 nostis.’¹
790 1153 852 1198 non
875 1133 930 1197 itte
951 1134 1023 1218 ι’ροι.
1071 1134 1134 1201 sed
1155 1136 1342 1202 Demosthe-

151 1258 206 1301 nes
230 1238 311 1302 crasi
333 1256 410 1302 usus
433 1241 481 1300 est
504 1237 543 1300 αὑ
565 1236 606 1308 θς.
653 1237 774 1302 Eadem
797 1239 831 1302 in
854 1239 914 1305 hoo
936 1225 1091 1307 vocabulo
1111 1246 1207 1310 orasis
1225 1243 1340 1309 multis

151 1341 230 1408 locis
252 1348 310 1408 ant
332 1346 482 1408 restituta
505 1348 553 1408 est
574 1349 630 1409 ant
653 1346 859 1412 restituenda.

196 1582 278 1671 Pog.
303 1579 381 1648 575.
406 1582 458 1647 14.
483 1576 558 1646 όταν
581 1578 667 1654 οὑτος
691 1581 770 1662 ἔχων
793 1584 836 1647 τὰ
860 1584 973 1649 παιδία
995 1585 1111 1657 τούτοις
1135 1585 1219 1663 aton
1239 1588 1339 1654 δοῦναι

151 1693 205 1765 την
229 1695 337 1770 ψῆφον
362 1689 463 1772 ὑμᾶς,
486 1687 547 1754 τόθ’
571 1689 659 1766 ὑμεῖς
682 1689 752 1762 τοὺς
777 1689 884 1766 νόμους
908 1688 1023 1770 ἓχοντιό
1046 1716 1087 1770 με
1107 1695 1235 1769 πλησίον
1256 1698 1342 1773 ἠγεῖ-

152 1799 203 1861 σθε
227 1793 401 1875 παρεςοόναι
427 1795 493 1877 [καὶ
517 1795 568 1860 τὸν
593 1791 674 1873 όρκον
698 1787 729 1858 ’όν
753 1794 954 1878 ὀμωμόκατε]
978 1797 1095 1872 τούτοις
1116 1797 1262 1874 ἀξιοῦντα
1286 1803 1339 1868 καῖ

151 1902 379 1980 θντιβολοῦντα
410 1898 519 1969 ἕκατον
551 1901 634 1977 ὑμῶν
668 1901 880 1980 ψηφίσασθαι.
916 1898 959 1974 οἷς
994 1904 1081 1981 ὑμεῖς
1117 1907 1202 1970 κατὰ
1234 1908 1341 1972 πολλοὶ

152 2008 335 2086 δικαιότερον
366 2004 531 2086 πρόσθοισθ’
563 2006 600 2070 ov
632 2005 649 2081 ἢ
680 2005 786 2087 τούτῳ.
820 2008 860 2073 ad
881 2009 959 2074 haoo
981 2008 1160 2076 Dobraous:
1186 2014 1264 2090 „xxi
1287 2016 1339 2080 τὸν

152 2117 234 2200 όρκον
265 2107 296 2179 iv
328 2109 515 2192 ὀμωμόκατε
541 2113 702 2198 manifesto
725 2113 881 2178 delenda.”
927 2113 1138 2181 Verissimum
1159 2138 1212 2182 me
1236 2119 1340 2187 indico

151 2227 185 2292 id
218 2227 280 2290 est.
326 2219 554 2285 Demosthenes
584 2219 707 2284 adstare
734 2223 881 2304 poterant
903 2219 991 2307 leges
1012 2223 1048 2284 in
1070 2219 1187 2288 oodioe
1210 2227 1343 2310 scriptas

151 2330 302 2396 manibus
325 2333 451 2404 tenens,
478 2323 558 2405 ἔχων
584 2324 655 2398 τοὺς
676 2324 799 2404 νόμους,
821 2325 875 2390 sed
895 2327 1137 2412 iusiurandum,
1157 2330 1240 2412 qnod
1259 2332 1342 2397 indi-

152 2458 202 2504 ces
234 2434 402 2511 dederant,
439 2432 588 2498 manibus
623 2436 728 2497 tenero
762 2451 824 2496 non
858 2437 990 2516 poterat
1039 2431 1152 2498 Omnia
1186 2435 1226 2500 nd
1260 2436 1343 2504 solas

151 2542 240 2630 logos
258 2539 453 2617 rofonmtnr3
478 2536 594 2609 τούτοις
618 2536 837 2618 ψηφίσασθαι,
862 2536 896 2601 id
920 2544 968 2602 est
990 2545 1053 2610 τοῖς
1077 2536 1174 2615 νόμοις
1198 2543 1342 2624 ψηφῖσια

153 2650 242 2724 σθαι,
275 2640 318 2718 οἷς
348 2644 435 2721 ὑμεῖς
466 2640 633 2724 πρόσθοισθ’
664 2641 717 2720 ι’όν,
749 2643 783 2708 id
814 2649 862 2708 est
891 2651 954 2716 τοῖς
977 2643 1077 2722 νόμοις
1101 2644 1269 2725 πρόσθοισθ’
1292 2648 1340 2716 νόν.

152 2753 261 2818 Etiam
292 2771 372 2836 quoe
400 2753 575 2834 sequuntur
596 2751 703 2815 omnia
724 2748 762 2814 de
786 2748 862 2814 solis
884 2747 1012 2837 legibus
1034 2749 1196 2816 dicuntur:
1221 2755 1341 2832 ὀμωμό-

115 2880 118 2884 ’
152 2884 230 2924 κατε
262 2864 326 2930 τοῖς
360 2855 459 2933 νόμοις
492 2855 661 2920 πεύθεσθαι
691 2854 744 2919 καὶ
776 2860 834 2920 τῶν
858 2854 929 2920 ῖσοιν
952 2854 1077 2934 μέτεςιν
1101 2856 1171 2935 ὑμῖν
1196 2857 1246 2922 διὰ
1269 2862 1340 2935 τοὺς

151 2966 260 3044 νόμους
284 2963 337 3028 καὶ
362 2961 453 3028 πάνθ’
474 2957 520 3026 ὑπ’
543 2962 605 3029 ἕςῖν
627 2962 737 3040 ιῖγαθθι
764 2962 834 3040 ὑμῖν
857 2960 909 3025 leot
932 2963 1003 3032 τοὺς
1027 2961 1133 3039 νόμους
1158 2963 1229 3032 ἕτόν.
1277 2968 1341 3033 Ad-

152 3073 263 3157 soripsi
293 3070 370 3135 hano
399 3073 438 3134 nt
471 3068 626 3134 mendum
659 3071 857 3133 eximerem.'
890 3067 1076 3132 Absurdnm
1111 3075 1158 3134 est
1193 3071 1340 3149 θμύμοκα

152 3185 213 3250 τοῖς
249 3174 349 3254 νόμοις
380 3173 536 3240 πεύθεσθαι
566 3175 637 3239 deda·
667 3175 878 3238 ι’νοίιισυιιύυιιι
907 3196 952 3237 κιο
975 3173 1088 3254 leptim
1108 3192 1247 3256 monn,
1273 3181 1340 3247 imo

152 3303 226 3350 vero
243 3282 436 3366 pariturum,
461 3300 537 3367 ergo
562 3279 695 3345 emenda
718 3280 891 3344 πεύθεσθαι.

198 3518 279 3607 Pog.
314 3516 389 3585 575.
424 3517 478 3584 28.
509 3519 548 3584 si.
567 3517 669 3596 μέντοι
692 3517 787 3598 ῥήτωρ
810 3515 873 3585 ἒςὶν
895 3515 970 3587 οἵους
994 3515 1086 3589 ἐνίους
1111 3523 1168 3582 τῶν
1189 3519 1343 3597 λεγόντων

153 3627 213 3704 ε’γὺι
245 3624 298 3690 καὶ
325 3624 411 3702 ὑμεῖς
435 3625 466 3689 δὲ
490 3626 598 3705 όροῖτε,
620 3623 756 3697 ιῖναιδεῖς
781 3624 833 3688 καὶ
859 3625 934 3704 Ὑφ’
959 3623 1041 3701 ὑμῶν
1064 3625 1339 3709 πεπλουτηκότας,

153 3733 207 3796 οὑκ
229 3729 267 3796 ιἰν
288 3729 351 3805 εῖην
376 3727 460 3803 οὑτος
486 3728 557 3809 ἐγώ.
604 3729 747 3818 Intelligi
770 3749 833 3794 non
855 3734 959 3816 potest
981 3733 1013 3794 et
1031 3729 1114 3793 nihil
1133 3735 1181 3794 est
1197 3744 1343 3800 πλουτεῖν

153 3841 249 3903 ’ΤΠΟ
286 3860 374 3910 τινος.
421 3836 509 3924 Lego
541 3839 619 3901 Ἀφ’
655 3838 736 3913 ὑμῶν
766 3835 1024 3911 πεπλουτηκότας
1057 3842 1090 3900 et
1121 3835 1268 3923 intelligo
1293 3841 1336 3904 τθι

153 3944 238 4009 κοινοὶ
269 3940 475 4025 κεκλοφότας.
507 3942 546 4008 of.
571 3964 646 4029 pag.
675 3941 750 4010 739.
772 3942 828 4008 20.
851 3943 877 4008 οἱ
901 3945 1019 4024 ῥύτορες
1042 3945 1097 4007 οὑκ
1119 3943 1285 4020 ἀγαπῶσιν
1307 3949 1342 4012 ἐκ

154 4051 290 4126 πενήτων
314 4049 450 4115 πλούσιοι
475 4051 574 4114 'Ano
600 4059 655 4125 τῆς
680 4049 798 4120 πόλεως
821 4047 1007 4128 γιγνόμενοι.

199 4272 280 4361 Png.
302 4271 378 4340 576.
402 4271 453 4337 10.
473 4273 566 4349 ἔγνων
586 4271 638 4337 καὶ
657 4269 762 4351 λέγειν
783 4271 836 4335 καῖ
857 4269 1006 4352 πρὺττειν
1024 4267 1042 4336 ό
1059 4296 1089 4336 τι
1107 4270 1144 4336 θιν
1156 4275 1344 4358 σνμΦέρΟΝ

76 4435 78 4438 ,
155 4381 227 4458 ὑμῖν
258 4381 394 4459 ἡγῶμαι.
450 4378 576 4446 Revoca
608 4399 717 4446 veram
751 4376 922 4443 lectionem
957 4399 995 4443 ex
1029 4376 1099 4444 loco
1135 4382 1241 4449 vicino
1271 4407 1345 4475 pag.

157 4485 235 4554 575.
259 4485 316 4552 25.
341 4484 560 4563 συμβουλεύων
585 4481 603 4548 ό
624 4509 654 4550 τι
680 4485 718 4551 ov
742 4483 940 4567 τυμφθρΕΙΝ
965 4483 1036 4562 ὑμῖν
1061 4486 1188 4563 ἡγῆται.
