3308 5090
718 339 761 408 83

137 527 365 606 Dindorhum,
391 531 449 614 qui
471 529 753 616 quumplurimas
775 538 898 600 ueteres
922 534 1139 598 annotationes
1163 532 1201 598 ad
1224 529 1340 596 Demo

140 635 293 702 sthenem
327 637 486 702 taediosas
520 657 556 700 ac
589 639 712 701 nemini
746 639 921 724 quidquam
956 637 1137 723 profuturas
1168 638 1339 719 renonent,

139 741 263 808 bonam
293 749 419 828 partem
449 762 576 818 eorum,
610 761 690 826 quae
713 764 797 810 unus
823 747 968 811 omnium
991 744 1087 831 longe
1106 743 1341 829 praestantissi-

141 869 221 912 mus
252 846 417 914 Dohraeus
439 849 540 914 honae
561 848 665 935 frugis
688 848 783 934 plena
802 853 982 926 annotavit,
1007 848 1133 915 silentio
1156 850 1338 933 praeteriit,

140 961 184 1018 ut
206 954 238 1018 h.
264 952 287 1018 l.
313 954 495 1020 evidentem
518 954 655 1020 Dohraei
679 955 933 1022 emendationem
955 978 995 1022 ne
1018 959 1247 1020 commemorat
1270 955 1339 1038 qui·

141 1059 236 1136 dem,
275 1060 329 1125 sed
364 1081 403 1125 ex
438 1059 598 1126 Schaeferi
631 1062 795 1146 Apparatu
831 1066 975 1150 apponit:
1011 1059 1182 1144 ,,έξιῶμεν]
1211 1060 1338 1124 subaudi

142 1164 399 1244 σομτροέττειν.”
423 1186 485 1252 quo
507 1166 584 1252 quid
607 1164 785 1252 puerilius?

189 1377 270 1465 Peg.
304 1377 382 1443 208.
415 1375 468 1442 23.
503 1377 553 1441 s'rri
582 1387 620 1460 aqi
652 1380 806 1458 τροφοέτει
839 1389 878 1462 τῇ
911 1387 1077 1448 Πλαταιῶν
1107 1379 1158 1446 αα)
1185 1383 1335 1445 Θεσπιῶν.

142 1480 253 1550 Codex
270 1484 294 1549 S
312 1493 362 1559 τῆι
383 1498 527 1549 τλατεοιν
550 1483 601 1547 αα)
623 1487 769 1561 έεττιτον,
789 1489 823 1550 in
844 1490 975 1552 caeteris
987 1487 1144 1573 plerisque
1156 1486 1336 1552 ariarectes

139 1596 174 1655 et
202 1591 347 1656 θεττιέον
378 1591 534 1656 scribitur.
582 1589 747 1658 Plurimae
779 1592 900 1659 formae
929 1599 1052 1660 veteres
1085 1596 1211 1659 Atticas
1243 1596 1277 1658 in
1313 1592 1357 1658 8·

138 1719 269 1784 quoque
291 1698 331 1762 ad
355 1695 587 1764 Graeculorum
611 1700 767 1771 συνήθειαν
793 1698 986 1766 deformatae
1008 1699 1168 1787 leguntur.
1197 1698 1337 1766 Nomina

137 1809 175 1870 in
215 1804 298 1876 -εύς
339 1801 543 1889 praecedente
574 1801 689 1868 vocula
719 1809 776 1869 aut
806 1804 1005 1892 diphthongo
1037 1805 1161 1880 -αεύς,
1195 1807 1333 1883 -αιεύο,

139 1947 161 1960 -
175 1911 259 1987 crde,
287 1947 307 1960 -
321 1909 386 1982 τειέο
411 1911 445 1974 in
468 1911 577 1975 Attica
588 1916 731 1992 perpetuo
751 1911 1026 1977 contrahebantur.
1069 1911 1224 1978 Dicebant
1244 1922 1335 1977 Πλα·

137 2025 253 2095 ταιῆς,
288 2021 457 2080 Πλαταιῶν
490 2020 521 2080 et
551 2019 735 2091 Πλαταιᾶς,
768 2023 930 2095 Στειριῶς,
964 2021 1106 2097 Στειριῖο,
1143 2021 1333 2093 Λεαιιονοῶο,

139 2128 318 2200 Λειιιιονοοῖ,
363 2121 592 2197 Kabotoumba,
632 2121 826 2196 Κυδαθηναιᾶ
863 2121 1073 2208 similiterque
1107 2126 1142 2188 in
1175 2122 1337 2187 similibus

137 2231 301 2295 omnibus.
345 2229 423 2294 Fere
453 2248 579 2312 semper
610 2225 740 2294 Codices
775 2229 927 2294 exhibent
956 2229 1074 2294 formas
1105 2226 1335 2294 Graeculorum

139 2336 308 2402 resolutas.
349 2333 603 2419 Deprehenditur
625 2333 711 2397 fraus
735 2332 848 2398 multis
871 2333 993 2399 modis:
1019 2340 1075 2400 aut
1098 2338 1185 2400 enim
1207 2341 1335 2401 vetusta

139 2445 318 2530 scripturae
342 2442 459 2506 menda
482 2444 570 2505 intus
594 2444 721 2504 servant
744 2439 861 2505 formas
885 2444 1023 2516 veteres,
1060 2447 1116 2506 aut
1138 2442 1336 2508 consuendunt

138 2551 262 2616 scribae
296 2547 459 2614 Πλαταιαί
494 2554 526 2612 et
559 2547 759 2622 Πλαταιεύς,
785 2546 923 2611 Θεττιαέ
946 2549 1171 2619 stemmatis.
1197 2553 1235 2613 ut
1255 2546 1288 2612 h.
1311 2547 1336 2612 l·

140 2656 192 2720 ixi
225 2655 381 2736 προφάσει
413 2662 452 2734 τῇ
484 2661 721 2718 ΠΛΑΤΑΙΩΝ
756 2653 807 2716 καὶ
841 2661 1038 2718 eecnrssN
1067 2654 1183 2718 urbium
1205 2655 1336 2720 nomina

140 2769 235 2838 sunt,
259 2783 324 2828 non
347 2761 467 2824 οιόέταιι.
515 2758 636 2824 Tamen
661 2759 843 2825 Πλαταιέων
863 2765 895 2824 et
916 2759 1070 2825 Θεττιέαν
1089 2760 1333 2825 substituerunt.

140 2869 247 2949 Quam
270 2866 355 2932 nihil
379 2867 499 2932 scribae
523 2869 664 2954 cogitent
687 2866 825 2930 ostendit
848 2879 1004 2931 τλατεων.
1052 2864 1089 2930 ln
1112 2867 1164 2931 his
1186 2866 1334 2931 omnihus

141 2981 332 3042 correctores
371 2993 496 3057 omnes,
536 2978 659 3037 veteres
694 2991 729 3036 ac
760 2974 852 3049 novi,
882 2971 1055 3036 dormiunt.
1102 2970 1334 3057 Harpocration

140 3103 172 3148 r.
197 3085 435 3150 Παιανιεῖςτ
462 3126 479 3157 ,‚
495 3115 537 3128 -
552 3078 724 3154 Δημομέλη
745 3079 797 3142 τὸν
819 3076 1005 3142 Παιανιέα.”
1024 3077 1158 3154 Δίδυμος
1179 3076 1335 3156 γραπτέον

140 3185 220 3252 εἶναί
252 3195 331 3268 φιρτι
361 3185 503 3250 Παιανέα
534 3185 628 3264 χωρὶς
658 3187 711 3248 τοῦ
743 3183 767 3248 Ι.
800 3183 985 3249 absurdum
1018 3185 1138 3249 vitium
1172 3183 1333 3250 Diodorfio

142 3297 307 3381 imposuit.
354 3293 441 3379 Lege
476 3295 613 3356 Παιανιᾶ
649 3289 743 3369 χωρὶς
777 3293 831 3354 τοῦ
869 3298 903 3355 e.
949 3289 1058 3354 Etiam
1087 3288 1182 3353 hodie
1215 3289 1334 3374 ubique

141 3405 257 3467 vitiose
290 3397 442 3465 Παιανιέα
473 3404 505 3464 et
535 3396 656 3462 similia
689 3399 797 3461 omnia
820 3396 915 3461 scribi
939 3394 1058 3472 solent,
1083 3395 1192 3471 oredo,
1210 3403 1335 3480 propter

139 3511 228 3589 fidem
248 3515 377 3572 aelmon
399 3506 647 3588 membranarum,
671 3523 751 3587 quae
775 3503 810 3566 in
832 3500 884 3567 his
911 3507 1037 3567 tantum
1060 3521 1122 3566 non
1144 3501 1263 3587 ubique
1286 3504 1334 3568 vi·

143 3619 241 3682 tiatae
265 3619 350 3678 sunt.

187 3829 269 3915 Peg.
301 3825 378 3891 209.
404 3823 435 3890 6.
460 3827 485 3889 oi
510 3823 541 3888 δέ
565 3829 647 3904 φασι
671 3821 727 3899 μὲν
752 3821 858 3892 αὐτοῖς
882 3821 937 3884 οὖν
961 3814 1037 3884 εἶναι
1062 3820 1162 3895 ςήλατ
1185 3820 1274 3886 ἀλλὰ
1299 3823 1333 3886 τὸ

145 3938 299 4016 συμφέρον
331 3929 408 3998 εἶναι
437 3933 471 3994 τ“ο
503 3933 604 3994 τοιοῡν
634 3929 689 4002 risa
722 3926 842 4009 φιλίαν.
890 3925 1034 3992 Pessime
1064 3925 1224 3992 mulcatus
1246 3927 1335 3994 loeus

145 4047 191 4106 est
208 4046 247 4106 ut
265 4039 402 4106 absurda
420 4037 509 4123 loqui
529 4036 757 4102 Demosthenes
776 4033 933 4098 videatur.
971 4032 1042 4098 Non
1062 4037 1207 4117 poterant
1217 4054 1335 4122 negare

144 4146 409 4235 Megalopolitani
441 4164 507 4209 esse
536 4142 620 4228 apud
650 4162 683 4206 se
714 4141 814 4214 τήλατ
845 4139 884 4203 de
915 4158 1003 4204 more
1035 4141 1171 4223 positas.
1198 4140 1232 4202 in
1256 4159 1334 4224 quas

143 4255 230 4342 leges
253 4253 388 4318 foederis
412 4251 529 4314 incisae
553 4252 670 4314 essent:
695 4246 790 4330 idque
815 4249 847 4309 et
872 4264 928 4328 per
950 4265 983 4308 se
1005 4246 1208 4328 perspicuum
1232 4250 1280 4310 est
1303 4250 1335 4311 et

145 4357 311 4425 confirmat
338 4355 567 4422 Demosthenes
590 4356 701 4420 statim
725 4352 831 4418 dicens
856 4350 894 4414 de
916 4349 1050 4413 iisdem:
1075 4350 1157 4427 φημὶ
1183 4348 1244 4414 δεῖν
1269 4353 1335 4415 τού-

146 4489 212 4537 τους
236 4463 341 4543 &Erote
366 4464 518 4542 καθαιρεῖν
542 4462 739 4538 rescisse,
759 4457 861 4522 idest
882 4454 1041 4522 Thebanis
1062 4454 1173 4520 foedus
1190 4459 1223 4520 et
1241 4457 1337 4521 socie-
