3356 5084
706 355 771 437 533

141 553 446 639 συμπαρεσκεύασαν
466 555 612 642 θίνθροιτοι
632 557 714 635 ύπιις
734 561 762 630 οί
781 561 839 640 μέν
859 561 1060 629 ἐκπεσοῦνται
1080 567 1138 630 τῶν
1159 549 1330 644 βασιλέοιν,

141 657 184 736 είς
215 662 246 728 δὲ
265 703 307 714 -
328 669 436 731 πᾶσαν
467 666 522 748 ὑφ’
552 666 645 732 αύτθυ
669 667 829 743 ποιιίσεται
853 667 908 736 rio
932 671 1033 752 οίρχην
1057 669 1073 745 i
1099 670 1168 744 τοὺς
1191 671 1249 749 μὲν
1268 678 1332 736 τοίν

141 768 218 836 δυοῖν
239 771 456 850 βοηθήσαντας
480 771 519 838 θον
544 775 586 846 είς
611 772 712 855 φθβον
734 775 787 840 καί
812 776 1022 857 συκοφαντίαι
1046 774 1218 855 εὐλάβειαν
1246 778 1331 844 καθι-

139 876 270 956 ςθντες,
293 887 377 944 Tm
403 878 434 943 δέ
457 880 499 960 τῷ
524 879 564 944 ἑνί
592 879 649 966 (sic
671 885 756 947 reete
781 880 944 948 Dobraeus
966 902 1023 970 pro
1046 883 1088 963 τῷ
1112 883 1139 949 θ’
1159 882 1213 968 ἑνί)
1235 881 1333 965 προίτ·

139 1006 220 1049 τοντι
244 986 300 1060 την
319 985 421 1067 dcxlv
445 985 601 1062 τοσαύτην
624 987 762 1064 ἐξουσίαν
787 987 936 1065 διδθντεςς
971 988 1165 1074 Interpolata
1185 989 1237 1054 his
1255 994 1330 1055 sunt

139 1088 173 1152 in
196 1089 288 1156 libris
312 1094 460 1160 omnibus
482 1096 555 1178 post
574 1091 756 1167 καθιςοίντες
777 1094 854 1160 haec
874 1095 986 1161 verba:
1007 1089 1041 1164 ἐιν
1061 1093 1138 1166 state
1160 1096 1329 1175 προσδοκᾶν

140 1195 268 1270 ἐκείνους
302 1197 355 1279 ἐφ’
383 1197 510 1273 ἑαυτοὺς
535 1201 631 1265 ἐλθεῖν
655 1198 694 1264 da
715 1199 767 1266 διθι
789 1205 843 1266 τοῦ
866 1201 1075 1283 ψηφίσματος
1099 1202 1232 1280 τουτουί,
1258 1203 1330 1287 qui-

138 1300 199 1366 bus
217 1302 361 1390 plerique
380 1306 502 1372 addunt
518 1305 686 1372 insulsioris
705 1308 802 1373 etiam
823 1308 916 1373 hacc:
938 1306 966 1373 εί
982 1332 1012 1373 τι
1034 1306 1124 1374 ποίθοι
1145 1307 1329 1389 Χαρίδημος.

185 1407 315 1495 Optime
337 1415 445 1479 omnia
467 1413 544 1480 haec
568 1411 666 1479 deleri
688 1415 783 1479 iussit
805 1413 968 1480 Dobraeus
993 1438 1055 1494 „ec
1074 1439 1143 1500 ρορ.
1169 1412 1245 1480 624.
1274 1411 1329 1479 20.

140 1514 227 1581 οτία”
251 1539 318 1584 esse
342 1518 525 1586 admonens.

182 1711 262 1802 Pag.
296 1711 372 1779 626.
405 1713 437 1780 9.
468 1709 507 1779 ὧν
534 1715 590 1792 μὲν
613 1715 710 1780 τοίνυν
734 1712 812 1781 ἕνεκ’
838 1715 940 1797 ἐρρύθη
963 1716 998 1783 τί
1023 1714 1245 1797 προβούλευμα
1265 1713 1328 1798 [ίνα

141 1819 296 1900 κνρύσειεν
320 1820 334 1884 θ
357 1819 450 1898 δῆμος
475 1819 696 1906 ἐξαπατηθείς]
720 1822 773 1887 καί
798 1821 834 1887 δι’
855 1818 877 1888 οἳ
901 1824 956 1899 την
978 1824 1106 1904 γραφὴν
1129 1821 1328 1900 ἐποιησάμεθ’

140 1928 226 2003 ἡμεῖς
248 1929 377 2001 ταυτηνί
401 1925 594 2010 [βουλόμενοι
615 1928 768 2012 κωλῦσαι]
790 1930 882 1993 ταῦτ’
905 1929 981 2007 ε’ςίν,
1002 1926 1024 1992 ὦ
1043 1927 1147 2008 ἄνδρες
1166 1928 1328 2005 Ἀθηναῖοι.

139 2031 210 2100 Non
241 2039 371 2099 tantum
404 2035 603 2120 ineptissime
633 2037 818 2120 interposita
849 2039 924 2100 sunt
954 2055 1034 2120 quas
1056 2036 1180 2100 uncinis
1201 2034 1332 2100 inclusi·

139 2159 230 2218 mus,
262 2139 316 2206 sed
348 2139 434 2226 prior
464 2141 562 2206 etiam
592 2161 665 2225 pars
695 2140 865 2206 manifesto
896 2162 970 2206 cum
1002 2139 1143 2206 Oratoris
1175 2142 1333 2206 sententia

141 2249 272 2334 pugnat
321 2245 392 2312 Non
424 2248 510 2312 enim
541 2243 591 2313 ίυα
622 2245 778 2327 κνριθσειεν
810 2247 824 2312 θ
854 2246 947 2326 δῆμος
979 2244 1184 2323 ἐξαπατηθείς
1208 2243 1333 2325 tescai-

137 2349 233 2428 ξαντθ
256 2375 335 2424 τινες
358 2356 447 2418 τοῦτο
471 2352 613 2431 γενέσθαι
639 2353 673 2417 τὸ
697 2352 934 2440 προβούλευμα,
955 2354 1010 2418 sed
1030 2353 1209 2431 βονλθμενοι
1230 2376 1331 2434 ταρα-

139 2455 242 2525 δοῦναι
272 2459 312 2523 ἓν)
343 2458 386 2539 τῷ
418 2457 640 2541 Κερσοβλέπτης
671 2459 726 2533 την
757 2459 858 2540 οίρχίην
890 2456 1038 2538 θίτασαυ,
1069 2464 1108 2524 ut
1130 2458 1237 2545 paullo
1260 2465 1334 2525 ants

137 2564 263 2630 dixerat
285 2585 359 2653 pag.
382 2563 458 2630 623.
484 2564 538 2630 24.
586 2563 711 2630 Sumsit
733 2573 791 2632 sua
813 2565 1023 2652 interpolator
1044 2586 1084 2630 ex
1104 2585 1178 2652 pag.
1201 2563 1276 2630 626.
1299 2562 1330 2632 7.

137 2669 204 2736 Nec
232 2673 342 2738 minus
374 2671 489 2737 stolide
519 2670 699 2751 devotasset
730 2677 867 2738 κωλῦσαι
895 2674 1014 2738 inserta
1038 2676 1130 2756 sunt,
1155 2673 1230 2757 quia
1251 2672 1329 2738 haec

137 2777 207 2862 ipsa
229 2781 263 2843 ct
285 2778 363 2844 haec
386 2779 481 2843 unica
502 2798 597 2844 causa
622 2782 691 2844 erat
713 2799 770 2845 cur
791 2777 905 2844 Orator
926 2779 982 2853 την
1005 2777 1132 2860 γραφὴν
1153 2777 1327 2854 ε’ποιιίοατο.

180 2953 265 3046 Peg.
301 2955 377 3022 626.
411 2954 466 3023 12.
490 2956 605 3023 δίκαιον
627 2955 655 3020 δ’
680 2955 743 3025 islo
766 2957 836 3029 ίσοις
860 2957 915 3035 ἐμὲ
934 2994 976 3006 -
996 2953 1108 3037 αίρεσιν
1132 2959 1203 3036 ύμῖν
1225 2957 1327 3024 δοῦναι

135 3070 198 3135 τοῖς
222 3063 435 3141 ἀκουσομένοις
459 3062 491 3126 τί
514 3069 628 3144 πρῶτον
648 3061 692 3127 Ἢ
716 3063 748 3127 τί
771 3063 907 3143 δεύτερον
929 3057 972 3128 Ἢ
996 3066 1027 3130 τί
1050 3075 1229 3130 τελευταῖον
1251 3065 1327 3144 βου·

136 3171 284 3247 λομένοις.
305 3171 441 3237 ακούειν·
457 3169 528 3246 ύμῖν
560 3170 632 3238 ε’ςίν.
680 3167 804 3235 Natura
831 3172 878 3235 rei
908 3167 1049 3254 postulat
1072 3175 1110 3234 ut
1133 3172 1326 3260 corrigatur:

136 3277 167 3342 τί
190 3283 306 3356 πρῶτον
328 3284 402 3341 ΚΑΙ
426 3275 458 3339 τί
482 3274 617 3357 δεύτερον
644 3285 715 3340 ΚΑΙ
739 3275 772 3340 τί
794 3283 984 3341 τελευταῖον.
1030 3274 1106 3342 'Pria
1128 3284 1218 3342 crant
1237 3298 1326 3342 aceu-

136 3385 269 3448 sationis
299 3384 421 3468 capita,
442 3381 481 3446 de
503 3382 619 3467 quibus
641 3401 765 3448 necesse
787 3388 855 3446 crat
877 3386 909 3446 st
932 3385 1147 3447 accusatorem
1169 3383 1273 3448 dicere
1296 3384 1330 3446 et

137 3489 260 3554 iudicas
291 3488 417 3568 audire,
448 3487 503 3552 sed
535 3474 624 3572 quid⁴
644 3489 805 3572 primum,
834 3488 911 3573 quid
935 3487 1128 3572 secundum,
1153 3489 1228 3573 quid
1253 3488 1328 3552 ulti-

136 3577 228 3660 mum
261 3591 371 3659 audire
401 3589 536 3659 mallent
565 3593 725 3659 iudicibus
756 3597 916 3680 optionem
946 3593 1042 3672 facit,
1070 3597 1104 3658 in
1127 3614 1189 3679 qua
1210 3615 1244 3660 re
1267 3595 1329 3660 dis·

138 3701 302 3767 iunctirae
324 3698 500 3785 particulas
523 3697 632 3765 nullus
652 3697 741 3767 locus
762 3705 821 3766 est.

180 3877 263 3968 Pag.
289 3875 364 3944 629.
390 3877 445 3945 11.
471 3876 592 3961 ύκριτον
619 3887 682 3951 τοῖς
705 3878 977 3958 ἐπαιτιασαμένοις
1003 3877 1174 3963 παρέδωκεν
1197 3876 1266 3946 θτι
1289 3881 1328 3948 θον

136 3984 312 4063 βούλωνται
341 3987 474 4068 χρῆσθαι
505 3985 557 4052 τὸν
588 3985 649 4051 οὐδ’
680 3987 707 4052 εί
739 3985 888 4062 πεποίηκέ
915 4011 961 4052 πω
986 3984 1126 4067 Φανερθν.
1174 3987 1225 4053 Ad
1247 3990 1329 4055 inte-

136 4094 290 4180 gritatem
313 4093 488 4158 sententiae
511 4113 613 4159 unum
635 4092 828 4160 vocabulum
853 4093 948 4159 deest.
996 4091 1198 4180 Legendum:
1223 4094 1283 4160 οὐδ’
1303 4097 1329 4162 εί

137 4198 288 4274 τεποίηκέ
311 4223 358 4265 πιο
382 4199 514 4281 φανερὸν
533 4204 683 4265 ὌΝΤΑ.

181 4379 260 4467 Pag.
298 4377 375 4444 630.
407 4378 462 4446 21.
494 4382 533 4453 sc
565 4378 691 4460 ύνθμος
725 4377 873 4444 τοίττει
903 4377 1003 4444 δοῦναι
1028 4376 1124 4454 δίκην.
1147 4379 1230 4448 alius
1251 4379 1333 4452 liber

135 4483 269 4572 τριίττει
293 4483 453 4552 tralaticio
476 4505 579 4553 errore
600 4507 657 4576 pro
681 4483 880 4571 τροστθττει.
