3356 5086
697 359 762 426 265

274 550 299 618 εί
321 550 353 617 θέ
375 573 428 631 μοι
450 552 483 616 οὔ
506 550 655 618 Ρεπέεσο’
679 549 874 614 ἐπιπείσεται
897 549 974 613 ἀλλ’
997 549 1157 628 θλογήοει.

148 665 176 726 et
196 681 240 725 vs.
267 657 343 725 176.
901 727 904 736 ,

273 763 472 840 παντοίμενθν
497 769 525 830 τ’
550 764 673 830 ἐκέλευε
697 762 809 844 μοίχής
833 763 884 839 ήδὲ
907 761 1072 838 πτολέμοιο
1099 799 1139 810 -

275 875 299 938 εί
323 873 354 936 δέ
376 882 427 938 Ῥω
453 875 486 936 oti
509 872 659 939 Fenteoo'
684 871 857 935 ἐπιπείσεαι
882 871 957 933 ἀλλ’
981 869 1160 946 ἀλογήσεις.

186 979 274 1046 Iliad.
299 989 342 1044 Ω.
372 978 448 1045 113.

273 1086 438 1167 σκύζεσθαί
460 1095 510 1152 Fon
535 1085 626 1152 Ἑειπθ
652 1084 754 1159 θεοὺς,
781 1081 835 1160 ἐμὲ
860 1080 888 1146 δ’
914 1079 1012 1160 ἔξοχοι
1036 1081 1159 1148 πάντων

273 1189 431 1256 θθονοίτων
455 1193 664 1270 κεχολῶσθαι,
688 1187 734 1256 ὅτι
758 1188 848 1268 φρεσί
872 1187 1087 1271 μαινομένῃσιν

260 1295 381 1378 Ἕκτορ’
406 1295 474 1379 ἔχει
499 1298 586 1381 παρθι
607 1296 689 1372 envoi
715 1297 862 1377 κορωνίσιν
886 1296 946 1360 οὐδ’
969 1294 1134 1360 οϊπέλοσεν.

146 1407 174 1466 et
191 1424 235 1468 νε.
264 1401 337 1467 134.

274 1507 436 1589 σκύζεσθαι
460 1510 508 1574 τοί
530 1513 608 1590 Φήσι
634 1509 715 1580 θεοὺς
741 1508 795 1574 ε’Ἑὲ
820 1507 844 1572 δ’
868 1504 965 1586 ἔξοχα
988 1504 1111 1573 ποίντων

272 1613 431 1680 staveren
457 1616 670 1694 κεχολῶσθαι,
694 1611 740 1678 ὅτι
763 1614 853 1694 Φρεοί
878 1612 1092 1693 μαινομένῃσιν

258 1720 379 1802 Ἕκτορ’
403 1721 487 1802 ἔχεις
512 1721 599 1801 παρὰ
621 1718 704 1794 νήωσί
729 1719 876 1799 κορωνίσιν
902 1717 965 1784 οὐδ’
989 1719 1164 1794 ἀπέλυσας.

185 1827 232 1892 sd
254 1827 334 1893 huno
357 1827 465 1894 lucem
490 1826 704 1912 contemplere
727 1825 811 1889 mihi
834 1824 942 1890 looum
961 1825 1047 1890 huno
1067 1826 1157 1892 Iliad.
1180 1836 1223 1892 Ω.
1250 1827 1324 1894 152.

274 1933 350 2011 μηδέ
374 1934 406 1998 τί
428 1943 478 2000 Fet
504 1933 633 2004 θοίνατος
657 1932 777 2010 μελέτω
803 1931 893 2011 Φρεσϊ
918 1931 995 2008 μηδέ
1019 1955 1048 1995 τι
1072 1932 1204 2013 τοίρβος·

274 2049 351 2105 τοῖον
375 2040 438 2120 γοίρ
461 2050 512 2107 Fas
537 2041 660 2118 πομπὸν
683 2038 859 2115 ὀπάσσομεν
882 2037 1108 2118 θργεϊΦθιτήν,

275 2144 305 2220 ὃς
329 2144 397 2220 ἄξει
422 2143 489 2218 εϊως
513 2171 564 2210 κεν
584 2143 669 2224 ἄγων
694 2147 830 2226 Ἀχιλῆϊ
851 2145 1003 2224 πελοίοσρ.

147 2252 253 2336 quibus
279 2252 475 2318 adverbum
499 2252 688 2338 respondent
711 2251 789 2316 hsee
812 2272 860 2316 vs.
887 2249 962 2314 181.

275 2357 351 2437 μήδε’
375 2358 407 2422 τί
430 2381 477 2422 τοι
502 2359 630 2428 θάνατος
654 2357 776 2436 μελέτω
801 2356 891 2438 φρεσί
917 2355 995 2434 μηδέ
1019 2381 1047 2421 τι
1072 2355 1202 2438 τάρβος·

273 2473 351 2536 τοῖος
375 2463 437 2545 γιίρ
461 2488 506 2528 τοι
531 2465 654 2541 πομπὸς
678 2459 738 2541 ἅμ’
763 2457 876 2542 ἕψεται
900 2461 1123 2542 ἀργεϊφόντης,

274 2567 305 2642 ὅς
330 2572 363 2635 C’
386 2569 455 2649 ἄξει
479 2567 543 2642 εἵως
569 2594 619 2635 κεν
640 2567 726 2647 ἄγων
750 2571 888 2649 Ἀχιλῆϊ
909 2567 1063 2650 πελοίσσρ.

186 2677 295 2743 Nonne
323 2676 396 2742 lues
428 2675 544 2743 olerius
575 2683 624 2742 est
653 2681 691 2740 ut
720 2674 779 2740 hoo
809 2675 878 2740 looo
902 2671 932 2745 ές
959 2684 1009 2739 ce
1032 2673 1100 2750 ἄξει
1125 2676 1257 2753 dicitur,
1281 2678 1326 2744 sio

147 2781 198 2847 ilio
228 2779 258 2854 ές
281 2792 333 2849 ἙΕ
357 2779 425 2857 ἄξει
452 2783 576 2848 dietum
600 2779 715 2846 suisset
751 2780 892 2845 Etiditur
916 2782 1084 2866 utrobique
1108 2781 1243 2848 vooeiis:
1268 2787 1327 2850 its·
1436 2787 1438 2791 ’

148 2909 201 2973 que
223 2889 282 2954 hoo
305 2888 375 2954 loeo
398 2885 429 2960 θς
456 2889 488 2954 c’
509 2886 577 2963 ἄξει
596 2893 681 2952 reete
701 2886 868 2961 scribitur,
890 2886 943 2952 sed
964 2886 1049 2960 illio,
1070 2891 1144 2972 quie
1163 2889 1328 2978 digamma

147 3015 203 3058 non
230 3000 391 3080 superest,
414 2993 543 3060 nullum
566 2995 762 3080 pronominis
783 2993 939 3057 indicium
963 2998 1010 3060 est
1032 2994 1182 3060 relietum
1205 3002 1238 3062 et
1259 3017 1327 3063 ver·

147 3119 195 3165 sus
216 3100 378 3184 ἀκέφαλος
404 3099 671 3166 circumambulst

313 3209 384 3273 “OC
407 3205 475 3282 ἄξει
500 3205 566 3280 εϊως
590 3232 642 3272 κεν
665 3204 750 3284 οϊγων
776 3207 910 3286 Ἀχιλῆϊ
932 3203 1086 3288 πελοίσσρ.

187 3312 285 3378 Nullo
312 3315 415 3401 igitur
444 3333 606 3398 superesse
638 3317 742 3398 potest
774 3311 932 3377 dubitatio
963 3314 1041 3398 quin
1071 3333 1146 3379 vers
1173 3317 1330 3402 scripture

147 3419 199 3482 sit:
223 3416 254 3491 θς
277 3425 312 3486 F*
336 3417 423 3497 ἄξει,
449 3425 481 3486 et
503 3419 585 3484 nihil
609 3419 748 3505 emplius
773 3424 821 3484 est
844 3417 1065 3484 molestiarum
1084 3439 1186 3505 neque
1208 3425 1241 3487 in
1261 3443 1329 3488 sen·

147 3527 240 3590 mutia
263 3547 364 3612 neque
388 3529 422 3591 in
445 3529 558 3590 metro.

186 3630 305 3697 Eodem
329 3633 424 3698 modo
447 3632 534 3697 idem
557 3651 730 3717 pronomen
755 3632 884 3716 periisse
909 3633 1049 3716 suspicor
1071 3641 1110 3696 Π.
1136 3631 1214 3701 545.

299 3746 400 3804 κεῖται
426 3737 593 3818 Σαρπηδών
619 3775 660 3786 -

299 3844 405 3919 οϊλλθι,
430 3845 535 3926 φίλοι,
560 3843 700 3924 ποίρςήτε
725 3844 929 3921 νεμεσσήθητε
955 3842 985 3908 δέ
1010 3845 1091 3926 θυμῷ

298 3953 342 4028 μή
366 3949 429 4014 atet
452 3948 559 4029 τεύχε’
584 3944 711 4014 ἕλωνται
736 3949 926 4014 ἀεεικίσσωσι
952 3949 982 4014 δέ
1008 3949 1117 4030 νεκρθν.

146 4057 298 4122 enuntia
326 4055 484 4142 postulat:
517 4056 561 4134 μή
592 4080 646 4134 μιν
677 4057 740 4120 οὶπθ
764 4055 872 4136 τεύχε’
895 4054 1045 4135 ἕλωνται,
1072 4062 1110 4121 ut
1133 4068 1169 4122 X.
1197 4057 1248 4123 18.
1273 4060 1328 4139 ἐμὲ

146 4164 197 4240 μὲν
222 4163 311 4241 μέγα
335 4162 422 4235 κῦδος
445 4161 589 4244 θφείλεοι
619 4182 695 4250 ergo
714 4163 967 4227 rescribendum:

481 4270 525 4345 μή
549 4269 585 4334 Ρ
610 4268 673 4332 ἀπὸ
693 4265 801 4346 τεύχε’
824 4263 964 4332 ἕλωνται.

186 4373 309 4440 Iterum
332 4393 504 4460 pronomen
527 4373 614 4442 idem
637 4395 676 4440 ex
699 4373 778 4462 fuge
800 4373 1024 4440 retrahendum
1048 4393 1116 4440 esse
1139 4377 1274 4445 arbitror
1294 4383 1329 4447 in

147 4477 285 4565 Odyssea
308 4503 339 4544 α.
365 4477 442 4546 204.
