3296 5104
745 379 781 428 ΣΙ

161 598 228 646 esse
260 579 406 646 iectionis
440 582 576 647 varietas
611 599 648 646 ea
681 601 716 647 re
749 602 825 650 vera
853 583 947 670 plane
978 584 1068 652 nulia
1098 590 1156 654 est.
1213 585 1355 672 ineptius

165 701 263 766 etiam
293 705 442 789 peccatur
472 703 507 768 in
537 701 646 767 futuro
676 704 729 784 ἐρῶ
759 704 865 770 dicam.
925 704 1025 793 Saepe
1060 707 1185 774 videbis
1216 708 1357 788 ἀποίρω,

164 823 335 904 ιιαταίρων,
367 823 533 904 ἀνταίρων,
567 823 714 904 τροαίρω,
749 825 865 907 ὑπαίρω
897 847 954 913 pro
984 830 1105 910 ἀντερῶ,
1141 836 1274 910 νοτερῶν
1297 837 1356 896 cet.

163 943 374 1031 Inspiciamus
403 948 438 1010 in
468 965 532 1012 uno
554 945 670 1012 horum
692 950 982 1032 praestantissimos
1006 948 1155 1030 Oodicas,
1180 952 1355 1037 inquibus

165 1073 376 1132 eTNerelN
405 1069 518 1133 autin
540 1067 689 1148 recalces
713 1071 906 1154 pervertitur
929 1076 986 1138 aut
1008 1074 1044 1138 in
1066 1080 1222 1154 συνεργεῖν
1245 1079 1302 1140 aut
1324 1077 1358 1139 in

164 1196 336 1268 συνηγορεῖν
360 1188 505 1275 denique.

210 1308 290 1399 Pag.
315 1308 392 1376 414.
417 1309 471 1376 22.
496 1315 630 1391 συνερῶν.
657 1311 696 1376 Α.
722 1309 875 1393 συναίρειν.

314 1430 389 1497 434.
416 1431 469 1498 10.
493 1436 655 1513 συνεροῡσι.
680 1431 713 1498 S.
738 1421 917 1515 σνναίρουσι.

315 1552 391 1620 443.
416 1551 449 1620 2.
473 1548 553 1628 ὅπως
578 1561 703 1634 συνερεῖ.
727 1553 767 1620 U.
792 1563 943 1638 συνεργεῖ.

315 1673 391 1744 457.
417 1673 445 1741 5.
471 1682 612 1756 συνερεῖν.
639 1674 673 1742 S.
697 1678 858 1758 συναίρειν.

314 1795 390 1865 503.
417 1796 468 1864 19.
493 1802 700 1879 συνεροῦντας.
726 1796 757 1864 S.
783 1783 1009 1882 συνάιροῡντοις.

314 1917 390 1986 605.
415 1918 470 1985 24.
495 1927 635 2000 συνερεῖν.
659 1918 692 1987 S.
716 1929 872 2001 συνεργεῖν
895 1921 950 1988 sed
972 1946 996 2000 γ
1019 1927 1137 2008 puncto
1160 1928 1318 1989 notatum.

295 2040 393 2108 1234.
419 2041 447 2107 3.
475 2041 625 2116 τοιούτους
649 2043 746 2108 τοίνυν
768 2044 840 2115 τοὺς
863 2049 1102 2125 συνηγοροῦντες
1127 2046 1179 2133 (A.
1204 2039 1358 2128 cvvapcdvss
1434 2121 1440 2126 η

167 2187 241 2241 τοις,
269 2163 352 2249 quod
374 2184 488 2230 verum
512 2165 572 2250 est)
596 2163 700 2238 adroic
725 2164 1017 2246 παρεσκευασμένοι.

210 2285 332 2352 Eadem
362 2286 536 2372 scripturae
566 2287 777 2372 discrepantia
805 2289 923 2374 passim
958 2287 1041 2374 apud
1070 2287 1152 2354 alios
1182 2289 1357 2374 reperitur,

165 2405 269 2472 veluti
301 2407 385 2493 apud
416 2406 548 2495 Lysiam
580 2428 655 2496 pag.
689 2407 766 2476 128.
800 2407 831 2478 9.
865 2408 953 2475 ἀλλά
979 2408 1031 2475 καί
1054 2416 1113 2475 τῶν
1136 2407 1358 2489 ξυνεργούντων

164 2528 269 2600 αὐτοῖς
299 2525 383 2607 ἀξιον
412 2528 580 2612 ίαυμάζειν
612 2529 735 2611 πότερον
765 2533 804 2604 ὡς
837 2531 925 2597 καλοί
949 2531 1081 2610 κάγαίοί
1110 2533 1356 2607 οιίτήσοντοιι

165 2651 243 2726 -ή
276 2651 315 2722 ἀς
344 2649 429 2715 δεινοί
460 2648 565 2730 λέγειν
596 2653 950 2731 ἀπολογήσονται,
982 2652 1040 2719 nbi
1070 2650 1221 2719 Reiskius
1243 2673 1357 2720 verum

164 2771 248 2838 vidit
270 2769 467 2852 ξυνεροιίντων
489 2793 652 2859 reponens.

209 2892 365 2982 Magnam
396 2897 465 2960 rim
497 2894 665 2962 inutilium
698 2897 927 2982 scripturarum
951 2916 1113 2984 expungas
1136 2896 1193 2961 ubi
1217 2896 1359 2963 animad-

165 3020 297 3084 verteris
321 3017 507 3096 ἀδινήσομαι
532 3038 552 3083 a
574 3019 684 3084 scribis
706 3021 741 3084 in
762 3018 985 3095 ἀδινηίήσομοιι
1010 3023 1042 3085 et
1065 3017 1185 3084 similia.
1207 3017 1359 3083 similiter

165 3141 284 3224 paesim
313 3139 479 3226 depravari
509 3137 617 3206 solere.
664 3141 873 3206 Athenienses
895 3147 1061 3205 σοιιοίοιιίον
1084 3139 1231 3206 dicebant
1252 3138 1357 3215 ἀδική·

166 3282 280 3338 σομαι,
306 3260 551 3341 ἀτοςερήσομαι,
577 3259 788 3342 ζημιώσομαι,
812 3261 1003 3340 σιγήσομαι,
1028 3262 1238 3344 φίονήσομαι,
1264 3262 1359 3344 φιλή-

165 3403 278 3459 σομαι,
310 3381 511 3465 φοβήσομαι,
544 3382 758 3465 ὠφελήσιμον.
806 3383 894 3450 Haec
923 3385 1031 3450 omnia
1065 3384 1174 3448 mirati
1207 3381 1357 3449 Graeculi

163 3503 204 3569 ad
226 3523 317 3570 suam
339 3503 496 3577 συνήθειαν
521 3501 718 3590 refingebant
741 3504 1008 3585 ἀτοςερηίήσομοιι
1032 3504 1170 3571 dicentes
1192 3509 1224 3569 et
1246 3503 1357 3586 ζημιω-

163 3626 293 3703 θήσομαι
317 3629 349 3694 et
368 3625 604 3708 ἀφεληίήσομαι
626 3629 659 3690 et
677 3625 884 3703 τιμηθήσομαι
903 3629 962 3692 cet.
1009 3623 1094 3690 Hine
1117 3624 1263 3710 frequens
1286 3625 1356 3691 nbi-

162 3767 224 3832 que
260 3751 309 3813 est
344 3749 379 3812 in
417 3747 537 3813 talibus
571 3746 745 3814 lectionum
777 3749 930 3823 varietas,
967 3765 1047 3831 quae
1081 3765 1143 3812 non
1179 3751 1228 3812 ast
1262 3748 1357 3812 unius

163 3871 259 3952 amis,
278 3873 316 3934 ut
334 3869 482 3954 equidem
502 3871 622 3954 opinor.
670 3867 769 3934 Nihii
782 3873 830 3934 est
848 3867 964 3933 utilius
985 3871 1020 3932 in
1043 3887 1158 3955 genere
1177 3868 1236 3934 hoc
1259 3887 1356 3953 quam

162 3990 196 4053 iu
219 3989 439 4075 Aristophanis
462 3989 578 4055 Codice
601 3989 785 4057 Rauennate
810 3990 984 4075 scripturae
1008 3988 1227 4055 diversitatem
1251 3990 1356 4056 obser·

162 4129 255 4188 vare,
287 4112 362 4196 quia
392 4111 433 4176 ob
463 4113 559 4177 matri
583 4109 794 4189 τειίανάγκην
818 4113 929 4176 statim
953 4129 1072 4176 errores
1095 4109 1132 4173 hi
1154 4129 1263 4176 omnes
1286 4131 1355 4176 ma·

162 4231 270 4296 niiesti
300 4235 459 4298 tenentur.
515 4230 661 4298 Multum
691 4235 795 4320 etism*
818 4231 959 4318 proderit
988 4230 1168 4297 iunioribus
1203 4230 1354 4300 lectiones

163 4373 202 4417 ex
225 4351 379 4419 Urbinatc
401 4351 548 4419 Isocratis
571 4373 645 4418 curn
669 4351 812 4441 vulgatis
836 4372 1028 4438 comparare.

206 4472 430 4559 Depravabant
458 4479 619 4562 praeterea
649 4494 686 4540 ca
716 4476 823 4540 omnia
855 4472 948 4540 stulti
979 4471 1146 4551 Graeculi,
1178 4495 1258 4565 quae
1292 4475 1354 4562 ipsi
