<?xml version="1.0" encoding="UTF-8"?>
<!DOCTYPE html PUBLIC "-//W3C//DTD XHTML 1.0 Transitional//EN"
    "http://www.w3.org/TR/xhtml1/DTD/xhtml1-transitional.dtd">
<html xmlns="http://www.w3.org/1999/xhtml" xml:lang="en" lang="en">
 <head>
  <title>
</title>
<meta http-equiv="Content-Type" content="text/html;charset=utf-8" />
  <meta name='ocr-system' content='tesseract 3.04.00' />
  <meta name='ocr-capabilities' content='ocr_page ocr_carea ocr_par ocr_line ocrx_word'/>
</head>
<body>
  <div class='ocr_page' id='page_1' title='image "./miscellaneacrit00cobegoog/miscellaneacrit00cobegoog_0202.png"; bbox 0 0 3304 5090; ppageno 0'>
   <div class='ocr_carea' id='block_1_1' title="bbox 717 353 779 432">
    <p class='ocr_par' dir='ltr' id='par_1_1' title="bbox 717 353 779 432">
     <span class='ocr_line' id='line_1_1' title="bbox 717 353 779 432; baseline 0 -1"><span class='ocrx_word' id='word_1_1' title='bbox 717 353 779 432; x_wconf 86' lang='lat' dir='ltr'><strong><em>1s1</em></strong></span> 
     </span>
    </p>
   </div>
   <div class='ocr_carea' id='block_1_2' title="bbox 163 551 1340 958">
    <p class='ocr_par' dir='ltr' id='par_1_2' title="bbox 163 551 1340 958">
     <span class='ocr_line' id='line_1_2' title="bbox 204 551 816 643; baseline -0.002 -23"><span class='ocrx_word' id='word_1_2' title='bbox 204 551 278 643; x_wconf 87' lang='lat' dir='ltr'><strong>Pag.</strong></span> <span class='ocrx_word' id='word_1_3' title='bbox 303 553 378 619; x_wconf 93' lang='grc'><strong>408.</strong></span> <span class='ocrx_word' id='word_1_4' title='bbox 403 557 465 638; x_wconf 71' lang='grc' dir='ltr'><strong><em>άφ·</em></strong></span> <span class='ocrx_word' id='word_1_5' title='bbox 487 551 523 621; x_wconf 80' lang='grc' dir='ltr'><strong><em>οὗ</em></strong></span> <span class='ocrx_word' id='word_1_6' title='bbox 544 552 598 621; x_wconf 79' lang='grc' dir='ltr'><strong><em>καὶ</em></strong></span> <span class='ocrx_word' id='word_1_7' title='bbox 624 556 640 629; x_wconf 74' lang='grc' dir='ltr'><em>ἡ</em></span> <span class='ocrx_word' id='word_1_8' title='bbox 664 553 816 635; x_wconf 82' lang='grc' dir='ltr'><strong><em>παροιμία</em></strong></span> 
     </span>
     <span class='ocr_line' id='line_1_3' title="bbox 288 658 1198 740; baseline 0 -14"><span class='ocrx_word' id='word_1_9' title='bbox 288 662 330 732; x_wconf 86' lang='grc' dir='ltr'><strong><em>είς</em></strong></span> <span class='ocrx_word' id='word_1_10' title='bbox 355 665 479 727; x_wconf 80' lang='grc' dir='ltr'><strong><em>Σκῶλον</em></strong></span> <span class='ocrx_word' id='word_1_11' title='bbox 500 659 578 740; x_wconf 72' lang='grc' dir='ltr'><strong><em>μήτ’</em></strong></span> <span class='ocrx_word' id='word_1_12' title='bbox 604 659 698 730; x_wconf 80' lang='grc' dir='ltr'><strong><em>αὐτὸς</em></strong></span> <span class='ocrx_word' id='word_1_13' title='bbox 718 662 826 725; x_wconf 84' lang='grc' dir='ltr'>ἼΝΑΙ</span> <span class='ocrx_word' id='word_1_14' title='bbox 848 661 925 736; x_wconf 70' lang='grc' dir='ltr'><strong><em>μήτ’</em></strong></span> <span class='ocrx_word' id='word_1_15' title='bbox 948 658 1037 740; x_wconf 80' lang='grc' dir='ltr'><strong><em>άλλρ</em></strong></span> <span class='ocrx_word' id='word_1_16' title='bbox 1060 658 1198 726; x_wconf 72' lang='grc' dir='ltr'><strong><em>ἕπεσθαι.</em></strong></span> 
     </span>
     <span class='ocr_line' id='line_1_4' title="bbox 202 763 1340 856; baseline 0.004 -26"><span class='ocrx_word' id='word_1_17' title='bbox 202 765 281 832; x_wconf 84' lang='lat' dir='ltr'><strong>Faex</strong></span> <span class='ocrx_word' id='word_1_18' title='bbox 305 765 538 834; x_wconf 85' lang='lat' dir='ltr'><strong>Graeeulorum</strong></span> <span class='ocrx_word' id='word_1_19' title='bbox 562 767 687 833; x_wconf 69' lang='lat' dir='ltr'><strong>dicebat</strong></span> <span class='ocrx_word' id='word_1_20' title='bbox 709 763 788 844; x_wconf 84' lang='grc' dir='ltr'><strong><em>ίναι,</em></strong></span> <span class='ocrx_word' id='word_1_21' title='bbox 812 767 921 831; x_wconf 80' lang='grc' dir='ltr'><strong><em>άπίναι</em></strong></span> <span class='ocrx_word' id='word_1_22' title='bbox 946 772 978 833; x_wconf 80' lang='lat' dir='ltr'><strong>et</strong></span> <span class='ocrx_word' id='word_1_23' title='bbox 997 769 1069 832; x_wconf 89' lang='lat' dir='ltr'><strong><em>sim.</em></strong></span> <span class='ocrx_word' id='word_1_24' title='bbox 1090 771 1167 836; x_wconf 83' lang='lat' dir='ltr'><strong>satis</strong></span> <span class='ocrx_word' id='word_1_25' title='bbox 1184 769 1340 856; x_wconf 76' lang='lat' dir='ltr'><strong>castigata</strong></span> 
     </span>
     <span class='ocr_line' id='line_1_5' title="bbox 163 869 1337 958; baseline 0.005 -22"><span class='ocrx_word' id='word_1_26' title='bbox 163 891 179 936; x_wconf 87' lang='lat' dir='ltr'><strong>a</strong></span> <span class='ocrx_word' id='word_1_27' title='bbox 203 869 393 958; x_wconf 75' lang='lat' dir='ltr'><strong>Phrynicho.</strong></span> <span class='ocrx_word' id='word_1_28' title='bbox 440 871 522 940; x_wconf 80' lang='lat' dir='ltr'><strong>Vera</strong></span> <span class='ocrx_word' id='word_1_29' title='bbox 552 872 649 939; x_wconf 81' lang='lat' dir='ltr'><strong>leutio</strong></span> <span class='ocrx_word' id='word_1_30' title='bbox 672 872 799 938; x_wconf 80' lang='lat' dir='ltr'><strong>aliunde</strong></span> <span class='ocrx_word' id='word_1_31' title='bbox 821 878 896 939; x_wconf 84' lang='lat' dir='ltr'><strong>nota</strong></span> <span class='ocrx_word' id='word_1_32' title='bbox 920 880 968 939; x_wconf 81' lang='lat' dir='ltr'><strong>est</strong></span> <span class='ocrx_word' id='word_1_33' title='bbox 985 875 1061 952; x_wconf 76' lang='grc' dir='ltr'><strong><em>ρωίτ·</em></strong></span> <span class='ocrx_word' id='word_1_34' title='bbox 1084 874 1177 947; x_wconf 82' lang='grc' dir='ltr'><strong><em>αὐτὸς</em></strong></span> <span class='ocrx_word' id='word_1_35' title='bbox 1198 873 1337 942; x_wconf 82' lang='lat' dir='ltr'><strong><em>&#39;&#39;IMeN.</em></strong></span> 
     </span>
    </p>
   </div>
   <div class='ocr_carea' id='block_1_3' title="bbox 156 1079 1341 1701">
    <p class='ocr_par' dir='ltr' id='par_1_3' title="bbox 156 1079 1341 1701">
     <span class='ocr_line' id='line_1_6' title="bbox 200 1079 1339 1172; baseline 0.003 -26"><span class='ocrx_word' id='word_1_36' title='bbox 200 1079 325 1148; x_wconf 71' lang='lat' dir='ltr'><strong>Sumo</strong></span> <span class='ocrx_word' id='word_1_37' title='bbox 354 1103 429 1172; x_wconf 98' lang='lat' dir='ltr'><strong>pag.</strong></span> <span class='ocrx_word' id='word_1_38' title='bbox 462 1082 538 1148; x_wconf 91' lang='grc'><strong>410.</strong></span> <span class='ocrx_word' id='word_1_39' title='bbox 571 1084 603 1148; x_wconf 87' lang='grc' dir='ltr'><strong><em>αί</em></strong></span> <span class='ocrx_word' id='word_1_40' title='bbox 629 1081 764 1149; x_wconf 76' lang='grc' dir='ltr'><strong><em>Θεσπιαὶ</em></strong></span> <span class='ocrx_word' id='word_1_41' title='bbox 790 1120 829 1132; x_wconf 98' lang='grc'>-</span> <span class='ocrx_word' id='word_1_42' title='bbox 856 1084 1046 1166; x_wconf 78' lang='grc' dir='ltr'><strong><em>ἕχνωρίζονπο</em></strong></span> <span class='ocrx_word' id='word_1_43' title='bbox 1070 1084 1120 1150; x_wconf 74' lang='grc' dir='ltr'><strong><em>διά</em></strong></span> <span class='ocrx_word' id='word_1_44' title='bbox 1144 1085 1195 1150; x_wconf 77' lang='grc' dir='ltr'><strong><em>τὸν</em></strong></span> <span class='ocrx_word' id='word_1_45' title='bbox 1214 1087 1339 1164; x_wconf 83' lang='grc' dir='ltr'><strong><em>Ἔρωτα</em></strong></span> 
     </span>
     <span class='ocr_line' id='line_1_7' title="bbox 161 1186 1339 1272; baseline 0.003 -20"><span class='ocrx_word' id='word_1_46' title='bbox 161 1192 208 1252; x_wconf 80' lang='grc' dir='ltr'><strong><em>τοῦ</em></strong></span> <span class='ocrx_word' id='word_1_47' title='bbox 237 1187 455 1267; x_wconf 71' lang='grc' dir='ltr'><strong><em>Πραξιτέλους.</em></strong></span> <span class='ocrx_word' id='word_1_48' title='bbox 489 1227 530 1240; x_wconf 86' lang='lat'><strong><em>-—</em></strong></span> <span class='ocrx_word' id='word_1_49' title='bbox 561 1189 700 1271; x_wconf 87' lang='grc' dir='ltr'><strong><em>πρθτερον</em></strong></span> <span class='ocrx_word' id='word_1_50' title='bbox 723 1189 780 1268; x_wconf 75' lang='grc' dir='ltr'><strong><em>μὲν</em></strong></span> <span class='ocrx_word' id='word_1_51' title='bbox 803 1186 851 1256; x_wconf 83' lang='grc' dir='ltr'><strong><em>οὖν</em></strong></span> <span class='ocrx_word' id='word_1_52' title='bbox 875 1191 1017 1272; x_wconf 75' lang='grc' dir='ltr'><strong><em>θφθμενοι</em></strong></span> <span class='ocrx_word' id='word_1_53' title='bbox 1040 1191 1091 1256; x_wconf 82' lang='grc' dir='ltr'><strong><em>τθν</em></strong></span> <span class='ocrx_word' id='word_1_54' title='bbox 1111 1189 1244 1270; x_wconf 86' lang='grc' dir='ltr'><strong><em>Ἔρωτά</em></strong></span> <span class='ocrx_word' id='word_1_55' title='bbox 1261 1215 1339 1264; x_wconf 86' lang='grc' dir='ltr'><strong><em>τινες</em></strong></span> 
     </span>
     <span class='ocr_line' id='line_1_8' title="bbox 160 1292 1338 1373; baseline 0 -14"><span class='ocrx_word' id='word_1_56' title='bbox 160 1292 312 1372; x_wconf 76' lang='grc' dir='ltr'><strong><em>άνίβαινον</em></strong></span> <span class='ocrx_word' id='word_1_57' title='bbox 337 1295 387 1358; x_wconf 77' lang='grc' dir='ltr'><strong><em>ἐπὶ</em></strong></span> <span class='ocrx_word' id='word_1_58' title='bbox 410 1294 465 1368; x_wconf 68' lang='grc' dir='ltr'><strong><em>τὴν</em></strong></span> <span class='ocrx_word' id='word_1_59' title='bbox 486 1294 588 1360; x_wconf 70' lang='grc' dir='ltr'><strong><em>*θέαν</em></strong></span> <span class='ocrx_word' id='word_1_60' title='bbox 609 1295 713 1366; x_wconf 86' lang='grc' dir='ltr'><strong><em>άλλως</em></strong></span> <span class='ocrx_word' id='word_1_61' title='bbox 738 1297 791 1362; x_wconf 79' lang='grc' dir='ltr'><strong><em>οὐκ</em></strong></span> <span class='ocrx_word' id='word_1_62' title='bbox 814 1294 905 1364; x_wconf 83' lang='grc' dir='ltr'><strong><em>οὖσαν</em></strong></span> <span class='ocrx_word' id='word_1_63' title='bbox 924 1295 1111 1373; x_wconf 81' lang='grc' dir='ltr'><strong><em>άξιοθθατον.</em></strong></span> <span class='ocrx_word' id='word_1_64' title='bbox 1130 1296 1191 1362; x_wconf 84' lang='grc' dir='ltr'><strong><em>νυνί</em></strong></span> <span class='ocrx_word' id='word_1_65' title='bbox 1212 1296 1244 1362; x_wconf 76' lang='grc' dir='ltr'><strong><em>δὲ</em></strong></span> <span class='ocrx_word' id='word_1_66' title='bbox 1263 1294 1338 1373; x_wconf 84' lang='grc' dir='ltr'><strong><em>μάνη</em></strong></span> 
     </span>
     <span class='ocr_line' id='line_1_9' title="bbox 160 1401 1341 1490; baseline 0.003 -26"><span class='ocrx_word' id='word_1_67' title='bbox 160 1403 298 1474; x_wconf 57' lang='lat' dir='ltr'><strong>resecasse</strong></span> <span class='ocrx_word' id='word_1_68' title='bbox 322 1407 382 1466; x_wconf 82' lang='grc' dir='ltr'><strong><em>τῶν</em></strong></span> <span class='ocrx_word' id='word_1_69' title='bbox 407 1407 593 1466; x_wconf 70' lang='grc' dir='ltr'><strong><em>Βοιωτιακῶν</em></strong></span> <span class='ocrx_word' id='word_1_70' title='bbox 617 1401 744 1468; x_wconf 88' lang='grc' dir='ltr'><strong><em>πθλεων.</em></strong></span> <span class='ocrx_word' id='word_1_71' title='bbox 793 1403 881 1470; x_wconf 87' lang='lat' dir='ltr'><strong>Male</strong></span> <span class='ocrx_word' id='word_1_72' title='bbox 905 1407 1025 1490; x_wconf 75' lang='lat' dir='ltr'><strong>sprevit</strong></span> <span class='ocrx_word' id='word_1_73' title='bbox 1047 1404 1159 1470; x_wconf 74' lang='lat' dir='ltr'><strong>Editor</strong></span> <span class='ocrx_word' id='word_1_74' title='bbox 1177 1405 1341 1469; x_wconf 81' lang='lat' dir='ltr'><strong>eorrectio·</strong></span> 
     </span>
     <span class='ocr_line' id='line_1_10' title="bbox 157 1507 1340 1595; baseline 0.001 -23"><span class='ocrx_word' id='word_1_75' title='bbox 157 1527 225 1572; x_wconf 88' lang='lat' dir='ltr'><strong>nem</strong></span> <span class='ocrx_word' id='word_1_76' title='bbox 253 1509 310 1582; x_wconf 72' lang='grc' dir='ltr'><strong><em>τὴν</em></strong></span> <span class='ocrx_word' id='word_1_77' title='bbox 340 1507 429 1573; x_wconf 81' lang='grc' dir='ltr'><strong><em>πάλιν</em></strong></span> <span class='ocrx_word' id='word_1_78' title='bbox 459 1529 516 1594; x_wconf 92' lang='lat' dir='ltr'><strong><em>pro</em></strong></span> <span class='ocrx_word' id='word_1_79' title='bbox 547 1511 602 1582; x_wconf 78' lang='grc' dir='ltr'><strong><em>την</em></strong></span> <span class='ocrx_word' id='word_1_80' title='bbox 629 1511 716 1586; x_wconf 75' lang='grc' dir='ltr'><strong><em>θίαν,</em></strong></span> <span class='ocrx_word' id='word_1_81' title='bbox 742 1530 838 1595; x_wconf 83' lang='lat' dir='ltr'><strong><em>quam</em></strong></span> <span class='ocrx_word' id='word_1_82' title='bbox 862 1514 1062 1577; x_wconf 81' lang='lat' dir='ltr'><strong>verissimam</strong></span> <span class='ocrx_word' id='word_1_83' title='bbox 1086 1531 1152 1576; x_wconf 86' lang='lat' dir='ltr'><strong>esse</strong></span> <span class='ocrx_word' id='word_1_84' title='bbox 1177 1511 1340 1595; x_wconf 82' lang='lat' dir='ltr'><strong>sequentia</strong></span> 
     </span>
     <span class='ocr_line' id='line_1_11' title="bbox 156 1612 1187 1701; baseline 0.002 -23"><span class='ocrx_word' id='word_1_85' title='bbox 156 1612 378 1679; x_wconf 80' lang='lat' dir='ltr'><strong>demonstrant.</strong></span> <span class='ocrx_word' id='word_1_86' title='bbox 425 1613 592 1682; x_wconf 77' lang='lat' dir='ltr'><strong>Praeterea</strong></span> <span class='ocrx_word' id='word_1_87' title='bbox 615 1617 740 1701; x_wconf 84' lang='lat' dir='ltr'>requiro</span> <span class='ocrx_word' id='word_1_88' title='bbox 763 1617 806 1689; x_wconf 79' lang='grc' dir='ltr'><strong><em>είς</em></strong></span> <span class='ocrx_word' id='word_1_89' title='bbox 829 1618 883 1690; x_wconf 80' lang='grc' dir='ltr'><strong><em>τίην</em></strong></span> <span class='ocrx_word' id='word_1_90' title='bbox 908 1617 1013 1696; x_wconf 81' lang='grc' dir='ltr'><strong><em>πάλιν,</em></strong></span> <span class='ocrx_word' id='word_1_91' title='bbox 1038 1638 1101 1685; x_wconf 91' lang='lat' dir='ltr'><strong><em>non</em></strong></span> <span class='ocrx_word' id='word_1_92' title='bbox 1124 1616 1187 1682; x_wconf 76' lang='grc' dir='ltr'><strong><em>ἐπί.</em></strong></span> 
     </span>
    </p>
   </div>
   <div class='ocr_carea' id='block_1_4' title="bbox 149 1819 1341 2438">
    <p class='ocr_par' dir='ltr' id='par_1_4' title="bbox 149 1819 1341 2438">
     <span class='ocr_line' id='line_1_12' title="bbox 194 1819 1339 1910; baseline 0.004 -25"><span class='ocrx_word' id='word_1_93' title='bbox 194 1819 276 1910; x_wconf 86' lang='lat' dir='ltr'><strong>Pag.</strong></span> <span class='ocrx_word' id='word_1_94' title='bbox 301 1821 379 1888; x_wconf 84' lang='lat'><strong>412.</strong></span> <span class='ocrx_word' id='word_1_95' title='bbox 426 1821 587 1889; x_wconf 81' lang='grc' dir='ltr'><strong><em>Πλαταιαί</em></strong></span> <span class='ocrx_word' id='word_1_96' title='bbox 613 1824 644 1889; x_wconf 70' lang='grc' dir='ltr'><strong><em>δὲ</em></strong></span> <span class='ocrx_word' id='word_1_97' title='bbox 669 1827 760 1890; x_wconf 82' lang='grc' dir='ltr'><strong><em>-είτί</em></strong></span> <span class='ocrx_word' id='word_1_98' title='bbox 785 1827 870 1890; x_wconf 85' lang='grc' dir='ltr'><strong><em>κατά</em></strong></span> <span class='ocrx_word' id='word_1_99' title='bbox 893 1827 948 1901; x_wconf 72' lang='grc' dir='ltr'><strong><em>την</em></strong></span> <span class='ocrx_word' id='word_1_100' title='bbox 972 1825 1036 1891; x_wconf 76' lang='grc' dir='ltr'><strong><em>ίδθν</em></strong></span> <span class='ocrx_word' id='word_1_101' title='bbox 1059 1835 1115 1902; x_wconf 73' lang='grc' dir='ltr'><strong><em>τῆς</em></strong></span> <span class='ocrx_word' id='word_1_102' title='bbox 1135 1826 1178 1898; x_wconf 84' lang='grc' dir='ltr'><strong><em>είς</em></strong></span> <span class='ocrx_word' id='word_1_103' title='bbox 1208 1822 1339 1901; x_wconf 74' lang='grc' dir='ltr'><strong><em>Ἀθάνας</em></strong></span> 
     </span>
     <span class='ocr_line' id='line_1_13' title="bbox 153 1927 1341 2012; baseline 0.003 -18"><span class='ocrx_word' id='word_1_104' title='bbox 153 1930 202 1994; x_wconf 78' lang='grc' dir='ltr'><strong><em>καί</em></strong></span> <span class='ocrx_word' id='word_1_105' title='bbox 235 1927 376 2010; x_wconf 71' lang='grc' dir='ltr'><strong><em>Μέγαρα</em></strong></span> <span class='ocrx_word' id='word_1_106' title='bbox 407 1931 457 1994; x_wconf 82' lang='grc' dir='ltr'><strong><em>ίπί</em></strong></span> <span class='ocrx_word' id='word_1_107' title='bbox 488 1937 546 1994; x_wconf 85' lang='grc' dir='ltr'><strong><em>τῶν</em></strong></span> <span class='ocrx_word' id='word_1_108' title='bbox 577 1928 647 2010; x_wconf 85' lang='grc' dir='ltr'><strong><em>άρων</em></strong></span> <span class='ocrx_word' id='word_1_109' title='bbox 678 1937 736 1996; x_wconf 80' lang='grc' dir='ltr'><strong><em>τῶν</em></strong></span> <span class='ocrx_word' id='word_1_110' title='bbox 768 1938 823 2006; x_wconf 75' lang='grc' dir='ltr'><strong><em>τῆς</em></strong></span> <span class='ocrx_word' id='word_1_111' title='bbox 854 1934 1000 2005; x_wconf 76' lang='grc' dir='ltr'><strong><em>Ἀττικῆς</em></strong></span> <span class='ocrx_word' id='word_1_112' title='bbox 1034 1932 1086 1997; x_wconf 78' lang='grc' dir='ltr'><strong><em>καί</em></strong></span> <span class='ocrx_word' id='word_1_113' title='bbox 1120 1941 1175 2006; x_wconf 78' lang='grc' dir='ltr'><strong><em>τῆς</em></strong></span> <span class='ocrx_word' id='word_1_114' title='bbox 1199 1933 1341 2012; x_wconf 75' lang='grc' dir='ltr'><strong><em>Μεγαρί-</em></strong></span> 
     </span>
     <span class='ocr_line' id='line_1_14' title="bbox 153 2035 1340 2124; baseline 0.002 -23"><span class='ocrx_word' id='word_1_115' title='bbox 153 2035 196 2108; x_wconf 76' lang='grc' dir='ltr'><strong><em>θος</em></strong></span> <span class='ocrx_word' id='word_1_116' title='bbox 212 2081 472 2102; x_wconf 89' lang='grc'><strong>............</strong></span> <span class='ocrx_word' id='word_1_117' title='bbox 497 2037 559 2116; x_wconf 76' lang='grc' dir='ltr'><strong><em>γάρ</em></strong></span> <span class='ocrx_word' id='word_1_118' title='bbox 584 2037 759 2116; x_wconf 81' lang='grc' dir='ltr'><strong><em>Ἐλενθεραί</em></strong></span> <span class='ocrx_word' id='word_1_119' title='bbox 783 2039 922 2112; x_wconf 83' lang='grc' dir='ltr'><strong><em>πλησίον.</em></strong></span> <span class='ocrx_word' id='word_1_120' title='bbox 957 2037 1077 2123; x_wconf 83' lang='lat' dir='ltr'><strong>Supple</strong></span> <span class='ocrx_word' id='word_1_121' title='bbox 1098 2038 1272 2124; x_wconf 85' lang='grc' dir='ltr'><strong><em>(φέρουσαν.</em></strong></span> <span class='ocrx_word' id='word_1_122' title='bbox 1292 2039 1340 2118; x_wconf 82' lang='grc' dir='ltr'><strong><em>αἱ)</em></strong></span> 
     </span>
     <span class='ocr_line' id='line_1_15' title="bbox 151 2139 1339 2223; baseline 0.002 -17"><span class='ocrx_word' id='word_1_123' title='bbox 151 2142 211 2221; x_wconf 73' lang='grc' dir='ltr'><strong><em>γάρ</em></strong></span> <span class='ocrx_word' id='word_1_124' title='bbox 244 2143 422 2221; x_wconf 85' lang='grc' dir='ltr'><strong><em>Ἐλεωθεραί</em></strong></span> <span class='ocrx_word' id='word_1_125' title='bbox 452 2143 516 2208; x_wconf 77' lang='grc' dir='ltr'><strong><em>ατί.</em></strong></span> <span class='ocrx_word' id='word_1_126' title='bbox 565 2139 721 2208; x_wconf 78' lang='lat' dir='ltr'>Dicebant</span> <span class='ocrx_word' id='word_1_127' title='bbox 752 2146 837 2209; x_wconf 88' lang='lat' dir='ltr'><strong>enim</strong></span> <span class='ocrx_word' id='word_1_128' title='bbox 862 2145 880 2217; x_wconf 75' lang='grc' dir='ltr'><strong><em>ἦ</em></strong></span> <span class='ocrx_word' id='word_1_129' title='bbox 905 2144 953 2207; x_wconf 80' lang='grc' dir='ltr'><strong><em>ἐπ’</em></strong></span> <span class='ocrx_word' id='word_1_130' title='bbox 979 2143 1108 2218; x_wconf 76' lang='grc' dir='ltr'><strong><em>Ἀθηνῶν</em></strong></span> <span class='ocrx_word' id='word_1_131' title='bbox 1133 2143 1218 2223; x_wconf 79' lang='grc' dir='ltr'><strong><em>ὁδθε,</em></strong></span> <span class='ocrx_word' id='word_1_132' title='bbox 1243 2143 1339 2218; x_wconf 66' lang='lat' dir='ltr'><strong>sedai</strong></span> 
     </span>
     <span class='ocr_line' id='line_1_16' title="bbox 151 2246 1340 2338; baseline 0.001 -26"><span class='ocrx_word' id='word_1_133' title='bbox 151 2246 212 2322; x_wconf 78' lang='grc' dir='ltr'><strong><em>ίδθς</em></strong></span> <span class='ocrx_word' id='word_1_134' title='bbox 246 2251 263 2324; x_wconf 77' lang='grc' dir='ltr'><strong><em>ἡ</em></strong></span> <span class='ocrx_word' id='word_1_135' title='bbox 288 2250 331 2319; x_wconf 85' lang='grc' dir='ltr'><strong><em>είς</em></strong></span> <span class='ocrx_word' id='word_1_136' title='bbox 357 2249 487 2322; x_wconf 75' lang='grc' dir='ltr'><strong><em>Ἀθήνας</em></strong></span> <span class='ocrx_word' id='word_1_137' title='bbox 512 2249 669 2329; x_wconf 81' lang='grc' dir='ltr'><strong><em>φέροντα,</em></strong></span> <span class='ocrx_word' id='word_1_138' title='bbox 693 2255 732 2314; x_wconf 80' lang='lat' dir='ltr'><strong><em>ut</em></strong></span> <span class='ocrx_word' id='word_1_139' title='bbox 753 2270 827 2338; x_wconf 91' lang='lat' dir='ltr'><strong>pag.</strong></span> <span class='ocrx_word' id='word_1_140' title='bbox 853 2249 929 2315; x_wconf 79' lang='lat'><strong><em>531.</em></strong></span> <span class='ocrx_word' id='word_1_141' title='bbox 955 2257 1011 2324; x_wconf 77' lang='grc' dir='ltr'><strong><em>τῆς</em></strong></span> <span class='ocrx_word' id='word_1_142' title='bbox 1034 2250 1099 2315; x_wconf 71' lang='lat' dir='ltr'><strong><em>aeos</em></strong></span> <span class='ocrx_word' id='word_1_143' title='bbox 1124 2258 1179 2325; x_wconf 78' lang='grc' dir='ltr'><strong><em>τῆς</em></strong></span> <span class='ocrx_word' id='word_1_144' title='bbox 1203 2251 1245 2322; x_wconf 81' lang='grc' dir='ltr'><strong><em>είς</em></strong></span> <span class='ocrx_word' id='word_1_145' title='bbox 1269 2255 1340 2315; x_wconf 82' lang='grc' dir='ltr'><strong><em>Ἐνι-</em></strong></span> 
     </span>
     <span class='ocr_line' id='line_1_17' title="bbox 149 2352 467 2438; baseline 0.003 -20"><span class='ocrx_word' id='word_1_146' title='bbox 149 2352 280 2433; x_wconf 83' lang='grc' dir='ltr'><strong><em>βάτανα</em></strong></span> <span class='ocrx_word' id='word_1_147' title='bbox 304 2354 467 2438; x_wconf 73' lang='grc' dir='ltr'><strong><em>φερούσης.</em></strong></span> 
     </span>
    </p>
   </div>
   <div class='ocr_carea' id='block_1_5' title="bbox 145 2562 1340 3396">
    <p class='ocr_par' dir='ltr' id='par_1_5' title="bbox 145 2562 1340 3396">
     <span class='ocr_line' id='line_1_18' title="bbox 192 2562 1340 2652; baseline -0.001 -20"><span class='ocrx_word' id='word_1_148' title='bbox 192 2565 241 2632; x_wconf 83' lang='lat' dir='ltr'><strong>De</strong></span> <span class='ocrx_word' id='word_1_149' title='bbox 269 2563 392 2650; x_wconf 75' lang='lat' dir='ltr'><strong>templo</strong></span> <span class='ocrx_word' id='word_1_150' title='bbox 422 2562 575 2650; x_wconf 76' lang='lat' dir='ltr'><strong>Delphico</strong></span> <span class='ocrx_word' id='word_1_151' title='bbox 607 2563 718 2628; x_wconf 78' lang='lat' dir='ltr'><strong>scribit</strong></span> <span class='ocrx_word' id='word_1_152' title='bbox 746 2583 821 2652; x_wconf 87' lang='lat' dir='ltr'><strong>pag.</strong></span> <span class='ocrx_word' id='word_1_153' title='bbox 854 2563 930 2630; x_wconf 90' lang='grc'><strong>420.</strong></span> <span class='ocrx_word' id='word_1_154' title='bbox 956 2566 1018 2633; x_wconf 85' lang='grc' dir='ltr'><strong><em>νννί</em></strong></span> <span class='ocrx_word' id='word_1_155' title='bbox 1040 2565 1079 2645; x_wconf 75' lang='grc' dir='ltr'><strong><em>γέ</em></strong></span> <span class='ocrx_word' id='word_1_156' title='bbox 1102 2590 1147 2632; x_wconf 90' lang='grc' dir='ltr'><strong><em>τοι</em></strong></span> <span class='ocrx_word' id='word_1_157' title='bbox 1172 2565 1340 2635; x_wconf 76' lang='grc' dir='ltr'><strong><em>πενθςατθν</em></strong></span> 
     </span>
     <span class='ocr_line' id='line_1_19' title="bbox 148 2669 1338 2754; baseline 0 -18"><span class='ocrx_word' id='word_1_158' title='bbox 148 2673 193 2741; x_wconf 77' lang='grc' dir='ltr'><strong><em>ἔτι</em></strong></span> <span class='ocrx_word' id='word_1_159' title='bbox 226 2671 261 2736; x_wconf 87' lang='grc' dir='ltr'><strong><em>πθ</em></strong></span> <span class='ocrx_word' id='word_1_160' title='bbox 293 2673 324 2736; x_wconf 80' lang='grc' dir='ltr'><strong><em>ἐν</em></strong></span> <span class='ocrx_word' id='word_1_161' title='bbox 358 2675 494 2751; x_wconf 75' lang='grc' dir='ltr'><strong><em>Δελφοῖς</em></strong></span> <span class='ocrx_word' id='word_1_162' title='bbox 527 2669 618 2749; x_wconf 78' lang='grc' dir='ltr'><strong><em>ἱερὸν·</em></strong></span> <span class='ocrx_word' id='word_1_163' title='bbox 651 2669 822 2749; x_wconf 80' lang='grc' dir='ltr'><strong><em>χρημάτων</em></strong></span> <span class='ocrx_word' id='word_1_164' title='bbox 854 2681 911 2736; x_wconf 78' lang='grc' dir='ltr'><strong><em>ΔΕ</em></strong></span> <span class='ocrx_word' id='word_1_165' title='bbox 933 2673 1027 2754; x_wconf 94' lang='grc' dir='ltr'><strong><em>χάριν</em></strong></span> <span class='ocrx_word' id='word_1_166' title='bbox 1050 2679 1109 2738; x_wconf 80' lang='grc' dir='ltr'><strong><em>τῶν</em></strong></span> <span class='ocrx_word' id='word_1_167' title='bbox 1132 2671 1338 2748; x_wconf 69' lang='grc' dir='ltr'><strong><em>ἀναθημάτων</em></strong></span> 
     </span>
     <span class='ocr_line' id='line_1_20' title="bbox 148 2773 1338 2861; baseline 0.001 -18"><span class='ocrx_word' id='word_1_168' title='bbox 148 2782 190 2843; x_wconf 87' lang='grc' dir='ltr'><strong><em>τά</em></strong></span> <span class='ocrx_word' id='word_1_169' title='bbox 213 2779 270 2856; x_wconf 79' lang='grc' dir='ltr'><strong><em>μὲν</em></strong></span> <span class='ocrx_word' id='word_1_170' title='bbox 295 2773 403 2861; x_wconf 76' lang='grc' dir='ltr'><strong><em>ἦρται,</em></strong></span> <span class='ocrx_word' id='word_1_171' title='bbox 425 2776 468 2840; x_wconf 82' lang='grc' dir='ltr'><strong><em>τά</em></strong></span> <span class='ocrx_word' id='word_1_172' title='bbox 492 2776 523 2841; x_wconf 74' lang='grc' dir='ltr'><strong><em>δὲ</em></strong></span> <span class='ocrx_word' id='word_1_173' title='bbox 546 2776 642 2840; x_wconf 87' lang='grc' dir='ltr'><strong><em>πλείω</em></strong></span> <span class='ocrx_word' id='word_1_174' title='bbox 666 2776 760 2852; x_wconf 77' lang='grc' dir='ltr'><strong><em>μένει.</em></strong></span> <span class='ocrx_word' id='word_1_175' title='bbox 796 2777 898 2842; x_wconf 87' lang='lat' dir='ltr'>Miror</span> <span class='ocrx_word' id='word_1_176' title='bbox 920 2781 1082 2845; x_wconf 85' lang='lat' dir='ltr'><strong>neminem</strong></span> <span class='ocrx_word' id='word_1_177' title='bbox 1105 2779 1223 2844; x_wconf 81' lang='lat' dir='ltr'><strong>vidisse</strong></span> <span class='ocrx_word' id='word_1_178' title='bbox 1242 2778 1338 2844; x_wconf 80' lang='lat' dir='ltr'><strong>rerba</strong></span> 
     </span>
     <span class='ocr_line' id='line_1_21' title="bbox 146 2880 1337 2966; baseline -0.002 -16"><span class='ocrx_word' id='word_1_179' title='bbox 146 2885 223 2950; x_wconf 82' lang='lat' dir='ltr'><strong>haee</strong></span> <span class='ocrx_word' id='word_1_180' title='bbox 255 2904 347 2949; x_wconf 90' lang='lat' dir='ltr'><strong>sensu</strong></span> <span class='ocrx_word' id='word_1_181' title='bbox 381 2903 495 2948; x_wconf 81' lang='lat' dir='ltr'><strong>carere.</strong></span> <span class='ocrx_word' id='word_1_182' title='bbox 542 2880 787 2966; x_wconf 71' lang='lat' dir='ltr'><strong>simplicissima</strong></span> <span class='ocrx_word' id='word_1_183' title='bbox 818 2886 1008 2950; x_wconf 78' lang='lat' dir='ltr'><strong>correctione</strong></span> <span class='ocrx_word' id='word_1_184' title='bbox 1038 2887 1185 2949; x_wconf 83' lang='lat' dir='ltr'><strong>restitues</strong></span> <span class='ocrx_word' id='word_1_185' title='bbox 1215 2889 1337 2949; x_wconf 79' lang='lat' dir='ltr'><strong>senten-</strong></span> 
     </span>
     <span class='ocr_line' id='line_1_22' title="bbox 146 2988 1336 3070; baseline -0.001 -15"><span class='ocrx_word' id='word_1_186' title='bbox 146 2993 225 3055; x_wconf 74' lang='lat' dir='ltr'><strong>tiam</strong></span> <span class='ocrx_word' id='word_1_187' title='bbox 255 2988 438 3055; x_wconf 77' lang='lat' dir='ltr'><strong>scribendo:</strong></span> <span class='ocrx_word' id='word_1_188' title='bbox 463 3025 506 3037; x_wconf 92' lang='lat'><strong>—</strong></span> <span class='ocrx_word' id='word_1_189' title='bbox 530 2988 697 3056; x_wconf 81' lang='grc' dir='ltr'><strong><em>πενίςατθν</em></strong></span> <span class='ocrx_word' id='word_1_190' title='bbox 721 2989 766 3054; x_wconf 74' lang='grc' dir='ltr'><strong><em>ἔτι</em></strong></span> <span class='ocrx_word' id='word_1_191' title='bbox 790 2989 824 3052; x_wconf 85' lang='grc' dir='ltr'><strong><em>τὸ</em></strong></span> <span class='ocrx_word' id='word_1_192' title='bbox 849 2990 880 3053; x_wconf 82' lang='grc' dir='ltr'><strong><em>ἕν</em></strong></span> <span class='ocrx_word' id='word_1_193' title='bbox 905 2997 1043 3070; x_wconf 77' lang='grc' dir='ltr'><strong><em>Δελφοῖς</em></strong></span> <span class='ocrx_word' id='word_1_194' title='bbox 1067 2992 1141 3065; x_wconf 87' lang='grc' dir='ltr'><strong><em>ίερὸν</em></strong></span> <span class='ocrx_word' id='word_1_195' title='bbox 1164 2992 1336 3070; x_wconf 80' lang='grc' dir='ltr'><strong><em>χρημάτων</em></strong></span> 
     </span>
     <span class='ocr_line' id='line_1_23' title="bbox 146 3085 1335 3177; baseline -0.001 -15"><span class='ocrx_word' id='word_1_196' title='bbox 146 3106 198 3162; x_wconf 82' lang='grc' dir='ltr'><strong><em>ΓΕ</em></strong></span> <span class='ocrx_word' id='word_1_197' title='bbox 220 3097 333 3176; x_wconf 90' lang='grc' dir='ltr'><strong><em>χάριν·</em></strong></span> <span class='ocrx_word' id='word_1_198' title='bbox 359 3101 417 3159; x_wconf 85' lang='grc' dir='ltr'><strong><em>τῶν</em></strong></span> <span class='ocrx_word' id='word_1_199' title='bbox 441 3096 481 3158; x_wconf 86' lang='grc' dir='ltr'><strong><em>Δ’</em></strong></span> <span class='ocrx_word' id='word_1_200' title='bbox 501 3085 707 3168; x_wconf 73' lang='grc' dir='ltr'><strong><em>ἀναθημάτων</em></strong></span> <span class='ocrx_word' id='word_1_201' title='bbox 728 3093 771 3158; x_wconf 84' lang='grc' dir='ltr'><strong><em>τά</em></strong></span> <span class='ocrx_word' id='word_1_202' title='bbox 795 3096 851 3171; x_wconf 81' lang='grc' dir='ltr'><strong><em>μὲν</em></strong></span> <span class='ocrx_word' id='word_1_203' title='bbox 876 3091 982 3177; x_wconf 74' lang='grc' dir='ltr'><strong><em>ἦρται,</em></strong></span> <span class='ocrx_word' id='word_1_204' title='bbox 1006 3097 1050 3161; x_wconf 83' lang='grc' dir='ltr'><strong><em>τά</em></strong></span> <span class='ocrx_word' id='word_1_205' title='bbox 1074 3095 1105 3160; x_wconf 77' lang='grc' dir='ltr'><strong><em>δὲ</em></strong></span> <span class='ocrx_word' id='word_1_206' title='bbox 1124 3097 1219 3161; x_wconf 86' lang='grc' dir='ltr'><strong><em>πλείω</em></strong></span> <span class='ocrx_word' id='word_1_207' title='bbox 1240 3094 1335 3170; x_wconf 76' lang='grc' dir='ltr'><strong><em>μένει.</em></strong></span> 
     </span>
     <span class='ocr_line' id='line_1_24' title="bbox 146 3199 1336 3290; baseline 0.002 -24"><span class='ocrx_word' id='word_1_208' title='bbox 146 3201 240 3278; x_wconf 79' lang='grc' dir='ltr'><strong><em>Χάριν</em></strong></span> <span class='ocrx_word' id='word_1_209' title='bbox 272 3223 309 3268; x_wconf 88' lang='lat' dir='ltr'><strong>eo</strong></span> <span class='ocrx_word' id='word_1_210' title='bbox 341 3221 434 3266; x_wconf 87' lang='lat' dir='ltr'><strong>sensu</strong></span> <span class='ocrx_word' id='word_1_211' title='bbox 463 3200 548 3285; x_wconf 89' lang='lat' dir='ltr'><strong><em>apud</em></strong></span> <span class='ocrx_word' id='word_1_212' title='bbox 578 3202 736 3284; x_wconf 75' lang='lat' dir='ltr'><strong>sequiores</strong></span> <span class='ocrx_word' id='word_1_213' title='bbox 766 3200 929 3286; x_wconf 81' lang='lat' dir='ltr'><strong>frequens,</strong></span> <span class='ocrx_word' id='word_1_214' title='bbox 954 3209 992 3267; x_wconf 81' lang='lat' dir='ltr'><strong><em>ut</em></strong></span> <span class='ocrx_word' id='word_1_215' title='bbox 1014 3223 1087 3290; x_wconf 90' lang='lat' dir='ltr'><strong>pag.</strong></span> <span class='ocrx_word' id='word_1_216' title='bbox 1113 3199 1191 3268; x_wconf 84' lang='grc'><strong>617.</strong></span> <span class='ocrx_word' id='word_1_217' title='bbox 1215 3204 1248 3268; x_wconf 83' lang='grc' dir='ltr'><strong><em>οὐ</em></strong></span> <span class='ocrx_word' id='word_1_218' title='bbox 1272 3203 1336 3284; x_wconf 74' lang='grc' dir='ltr'><strong><em>γάρ</em></strong></span> 
     </span>
     <span class='ocr_line' id='line_1_25' title="bbox 145 3304 1283 3396; baseline 0.002 -24"><span class='ocrx_word' id='word_1_219' title='bbox 145 3307 236 3386; x_wconf 84' lang='grc' dir='ltr'><strong><em>ίτριεν</em></strong></span> <span class='ocrx_word' id='word_1_220' title='bbox 260 3347 302 3358; x_wconf 95' lang='grc'>-</span> <span class='ocrx_word' id='word_1_221' title='bbox 326 3315 463 3385; x_wconf 73' lang='grc' dir='ltr'><strong><em>γυναῖκα</em></strong></span> <span class='ocrx_word' id='word_1_222' title='bbox 488 3304 653 3384; x_wconf 71' lang='grc' dir='ltr'><strong><em>ἐνάμιλλον</em></strong></span> <span class='ocrx_word' id='word_1_223' title='bbox 677 3305 773 3386; x_wconf 79' lang='grc' dir='ltr'><strong><em>ἐκείνη</em></strong></span> <span class='ocrx_word' id='word_1_224' title='bbox 796 3304 984 3396; x_wconf 79' lang='lat' dir='ltr'><strong>(Sapphoni)</strong></span> <span class='ocrx_word' id='word_1_225' title='bbox 1010 3313 1157 3383; x_wconf 79' lang='grc' dir='ltr'><strong><em>ποιήσεως</em></strong></span> <span class='ocrx_word' id='word_1_226' title='bbox 1179 3307 1283 3390; x_wconf 80' lang='grc' dir='ltr'><strong><em>χάριν.</em></strong></span> 
     </span>
    </p>
   </div>
   <div class='ocr_carea' id='block_1_6' title="bbox 144 3512 1337 3810">
    <p class='ocr_par' dir='ltr' id='par_1_6' title="bbox 144 3512 1337 3810">
     <span class='ocr_line' id='line_1_26' title="bbox 189 3512 1334 3606; baseline 0.002 -24"><span class='ocrx_word' id='word_1_227' title='bbox 189 3517 269 3606; x_wconf 81' lang='lat' dir='ltr'><strong><em>Peg.</em></strong></span> <span class='ocrx_word' id='word_1_228' title='bbox 306 3515 383 3582; x_wconf 85' lang='lat'><strong>426.</strong></span> <span class='ocrx_word' id='word_1_229' title='bbox 416 3514 461 3585; x_wconf 78' lang='grc' dir='ltr'><strong><em>ἔτι</em></strong></span> <span class='ocrx_word' id='word_1_230' title='bbox 491 3516 523 3582; x_wconf 73' lang='grc' dir='ltr'><strong><em>δὲ</em></strong></span> <span class='ocrx_word' id='word_1_231' title='bbox 554 3514 738 3596; x_wconf 82' lang='grc' dir='ltr'><strong><em>χειμάρρους</em></strong></span> <span class='ocrx_word' id='word_1_232' title='bbox 774 3512 827 3583; x_wconf 73' lang='grc' dir='ltr'><strong><em>ὥτ’</em></strong></span> <span class='ocrx_word' id='word_1_233' title='bbox 863 3515 1011 3596; x_wconf 83' lang='grc' dir='ltr'><strong><em>άβρθχοις</em></strong></span> <span class='ocrx_word' id='word_1_234' title='bbox 1048 3515 1244 3596; x_wconf 79' lang='grc' dir='ltr'><strong><em>ἘΜβαίνειν</em></strong></span> <span class='ocrx_word' id='word_1_235' title='bbox 1273 3525 1334 3592; x_wconf 79' lang='grc' dir='ltr'><strong><em>τοῖς</em></strong></span> 
     </span>
     <span class='ocr_line' id='line_1_27' title="bbox 144 3619 1337 3702; baseline -0.001 -12"><span class='ocrx_word' id='word_1_236' title='bbox 144 3625 252 3702; x_wconf 83' lang='grc' dir='ltr'><strong><em>ποσίν,</em></strong></span> <span class='ocrx_word' id='word_1_237' title='bbox 285 3623 485 3688; x_wconf 73' lang='grc' dir='ltr'><strong>ἈΛΛΟΤΕ</strong></span> <span class='ocrx_word' id='word_1_238' title='bbox 520 3621 551 3686; x_wconf 73' lang='grc' dir='ltr'><strong><em>δὲ</em></strong></span> <span class='ocrx_word' id='word_1_239' title='bbox 585 3621 638 3686; x_wconf 80' lang='grc' dir='ltr'><strong><em>αα)</em></strong></span> <span class='ocrx_word' id='word_1_240' title='bbox 674 3621 829 3700; x_wconf 77' lang='grc' dir='ltr'><strong><em>δίπλεθρον</em></strong></span> <span class='ocrx_word' id='word_1_241' title='bbox 859 3619 961 3702; x_wconf 86' lang='grc' dir='ltr'><strong><em>ίαχειν</em></strong></span> <span class='ocrx_word' id='word_1_242' title='bbox 996 3624 1128 3694; x_wconf 87' lang='grc' dir='ltr'><strong><em>πλάτος.</em></strong></span> <span class='ocrx_word' id='word_1_243' title='bbox 1178 3623 1337 3690; x_wconf 64' lang='lat' dir='ltr'><strong>suadente</strong></span> 
     </span>
     <span class='ocr_line' id='line_1_28' title="bbox 144 3726 1280 3810; baseline -0.004 -13"><span class='ocrx_word' id='word_1_244' title='bbox 144 3733 302 3798; x_wconf 79' lang='lat' dir='ltr'><strong>sententia</strong></span> <span class='ocrx_word' id='word_1_245' title='bbox 323 3732 457 3797; x_wconf 79' lang='lat' dir='ltr'><strong>restituo</strong></span> <span class='ocrx_word' id='word_1_246' title='bbox 478 3726 526 3802; x_wconf 85' lang='grc' dir='ltr'><strong><em>ίίς’</em></strong></span> <span class='ocrx_word' id='word_1_247' title='bbox 549 3727 699 3810; x_wconf 83' lang='grc' dir='ltr'><strong><em>άβρθχοις</em></strong></span> <span class='ocrx_word' id='word_1_248' title='bbox 724 3727 853 3793; x_wconf 79' lang='grc' dir='ltr'><strong><em>ἐνίοτε</em></strong></span> <span class='ocrx_word' id='word_1_249' title='bbox 877 3729 1073 3807; x_wconf 79' lang='grc' dir='ltr'><strong><em>ΔίΑβαίνειν</em></strong></span> <span class='ocrx_word' id='word_1_250' title='bbox 1097 3738 1159 3803; x_wconf 81' lang='grc' dir='ltr'><strong><em>τοῖς</em></strong></span> <span class='ocrx_word' id='word_1_251' title='bbox 1185 3730 1280 3795; x_wconf 86' lang='grc' dir='ltr'><strong><em>ποσίν.</em></strong></span> 
     </span>
    </p>
   </div>
   <div class='ocr_carea' id='block_1_7' title="bbox 143 3934 1336 4552">
    <p class='ocr_par' dir='ltr' id='par_1_7' title="bbox 143 3934 1336 4552">
     <span class='ocr_line' id='line_1_29' title="bbox 189 3934 1335 4028; baseline -0.004 -22"><span class='ocrx_word' id='word_1_252' title='bbox 189 3939 270 4028; x_wconf 89' lang='lat' dir='ltr'><strong>Pag.</strong></span> <span class='ocrx_word' id='word_1_253' title='bbox 303 3937 382 4004; x_wconf 86' lang='lat'><strong>428.</strong></span> <span class='ocrx_word' id='word_1_254' title='bbox 415 3946 478 4009; x_wconf 81' lang='grc' dir='ltr'><strong><em>τοῖς</em></strong></span> <span class='ocrx_word' id='word_1_255' title='bbox 508 3934 564 4012; x_wconf 74' lang='grc' dir='ltr'><strong><em>ἔξω</em></strong></span> <span class='ocrx_word' id='word_1_256' title='bbox 594 3943 652 4002; x_wconf 84' lang='grc' dir='ltr'><strong><em>τῶν</em></strong></span> <span class='ocrx_word' id='word_1_257' title='bbox 677 3939 794 4001; x_wconf 77' lang='grc' dir='ltr'><strong><em>Στενῶν</em></strong></span> <span class='ocrx_word' id='word_1_258' title='bbox 818 3936 891 4017; x_wconf 83' lang='grc' dir='ltr'><strong><em>πρὸς</em></strong></span> <span class='ocrx_word' id='word_1_259' title='bbox 914 3939 984 4010; x_wconf 81' lang='grc' dir='ltr'><strong><em>τοὺς</em></strong></span> <span class='ocrx_word' id='word_1_260' title='bbox 1010 3939 1091 4012; x_wconf 77' lang='grc' dir='ltr'><strong><em>ἐντὸς</em></strong></span> <span class='ocrx_word' id='word_1_261' title='bbox 1117 3934 1193 4010; x_wconf 75' lang='grc' dir='ltr'><strong><em>ἦσαν</em></strong></span> <span class='ocrx_word' id='word_1_262' title='bbox 1218 3937 1335 4014; x_wconf 75' lang='grc' dir='ltr'><strong><em>άχῶνες</em></strong></span> 
     </span>
     <span class='ocr_line' id='line_1_30' title="bbox 145 4042 1334 4130; baseline -0.002 -20"><span class='ocrx_word' id='word_1_263' title='bbox 145 4047 308 4124; x_wconf 88' lang='grc' dir='ltr'><strong><em>πρωτείων.</em></strong></span> <span class='ocrx_word' id='word_1_264' title='bbox 356 4042 475 4129; x_wconf 80' lang='lat' dir='ltr'><strong>Supple</strong></span> <span class='ocrx_word' id='word_1_265' title='bbox 504 4046 623 4121; x_wconf 75' lang='grc' dir='ltr'><strong><em>άνῶνες</em></strong></span> <span class='ocrx_word' id='word_1_266' title='bbox 655 4051 751 4108; x_wconf 76' lang='grc' dir='ltr'>ΠΕΡΙ</span> <span class='ocrx_word' id='word_1_267' title='bbox 785 4043 946 4124; x_wconf 77' lang='grc' dir='ltr'><strong><em>πρωτείων.</em></strong></span> <span class='ocrx_word' id='word_1_268' title='bbox 983 4042 1083 4130; x_wconf 79' lang='lat' dir='ltr'><strong>Saepe</strong></span> <span class='ocrx_word' id='word_1_269' title='bbox 1115 4045 1232 4120; x_wconf 81' lang='grc' dir='ltr'><strong><em>άνῶνες</em></strong></span> <span class='ocrx_word' id='word_1_270' title='bbox 1267 4043 1334 4120; x_wconf 75' lang='grc' dir='ltr'><strong><em>περὶ</em></strong></span> 
     </span>
     <span class='ocr_line' id='line_1_31' title="bbox 144 4146 1336 4234; baseline -0.001 -18"><span class='ocrx_word' id='word_1_271' title='bbox 144 4150 314 4234; x_wconf 77' lang='grc' dir='ltr'><strong><em>πρωτείων,</em></strong></span> <span class='ocrx_word' id='word_1_272' title='bbox 340 4147 561 4233; x_wconf 76' lang='grc' dir='ltr'><strong><em>άχωνίζεαθαι,</em></strong></span> <span class='ocrx_word' id='word_1_273' title='bbox 586 4147 802 4228; x_wconf 82' lang='grc' dir='ltr'><strong><em>άμφιαβητεῖν</em></strong></span> <span class='ocrx_word' id='word_1_274' title='bbox 826 4151 892 4228; x_wconf 76' lang='grc' dir='ltr'><strong><em>περὶ</em></strong></span> <span class='ocrx_word' id='word_1_275' title='bbox 914 4151 1066 4231; x_wconf 87' lang='grc' dir='ltr'><strong><em>πρωτείων</em></strong></span> <span class='ocrx_word' id='word_1_276' title='bbox 1088 4155 1120 4214; x_wconf 80' lang='lat' dir='ltr'><strong>et</strong></span> <span class='ocrx_word' id='word_1_277' title='bbox 1143 4149 1228 4233; x_wconf 85' lang='lat' dir='ltr'><strong><em>apud</em></strong></span> <span class='ocrx_word' id='word_1_278' title='bbox 1257 4146 1336 4215; x_wconf 83' lang='lat' dir='ltr'><strong>alios</strong></span> 
     </span>
     <span class='ocr_line' id='line_1_32' title="bbox 143 4253 1335 4344; baseline -0.001 -22"><span class='ocrx_word' id='word_1_279' title='bbox 143 4255 266 4344; x_wconf 79' lang='lat' dir='ltr'><strong>legitur</strong></span> <span class='ocrx_word' id='word_1_280' title='bbox 294 4263 328 4322; x_wconf 77' lang='lat' dir='ltr'><strong>et</strong></span> <span class='ocrx_word' id='word_1_281' title='bbox 357 4255 442 4341; x_wconf 86' lang='lat' dir='ltr'><strong><em>apud</em></strong></span> <span class='ocrx_word' id='word_1_282' title='bbox 468 4255 674 4339; x_wconf 79' lang='lat' dir='ltr'><strong>Strabonem,</strong></span> <span class='ocrx_word' id='word_1_283' title='bbox 698 4261 737 4320; x_wconf 77' lang='lat' dir='ltr'><strong><em>ut</em></strong></span> <span class='ocrx_word' id='word_1_284' title='bbox 758 4275 832 4344; x_wconf 90' lang='lat' dir='ltr'><strong>pag.</strong></span> <span class='ocrx_word' id='word_1_285' title='bbox 859 4253 934 4322; x_wconf 89' lang='grc'><strong>102.</strong></span> <span class='ocrx_word' id='word_1_286' title='bbox 956 4255 1022 4336; x_wconf 75' lang='grc' dir='ltr'><strong><em>περὶ</em></strong></span> <span class='ocrx_word' id='word_1_287' title='bbox 1047 4255 1197 4336; x_wconf 90' lang='grc' dir='ltr'><strong><em>πρωτείων</em></strong></span> <span class='ocrx_word' id='word_1_288' title='bbox 1221 4256 1335 4333; x_wconf 74' lang='grc' dir='ltr'><strong><em>άγωνι·</em></strong></span> 
     </span>
     <span class='ocr_line' id='line_1_33' title="bbox 147 4357 1332 4451; baseline -0.001 -23"><span class='ocrx_word' id='word_1_289' title='bbox 147 4363 268 4443; x_wconf 73' lang='grc' dir='ltr'><strong><em>ζομένρ.</em></strong></span> <span class='ocrx_word' id='word_1_290' title='bbox 293 4383 367 4451; x_wconf 87' lang='lat' dir='ltr'><strong>pag.</strong></span> <span class='ocrx_word' id='word_1_291' title='bbox 399 4359 475 4426; x_wconf 81' lang='lat'><strong>365.</strong></span> <span class='ocrx_word' id='word_1_292' title='bbox 500 4359 557 4442; x_wconf 79' lang='grc' dir='ltr'><strong><em>ἔριν</em></strong></span> <span class='ocrx_word' id='word_1_293' title='bbox 581 4357 664 4442; x_wconf 87' lang='grc' dir='ltr'><strong><em>είχον</em></strong></span> <span class='ocrx_word' id='word_1_294' title='bbox 690 4361 756 4443; x_wconf 75' lang='grc' dir='ltr'><strong><em>περὶ</em></strong></span> <span class='ocrx_word' id='word_1_295' title='bbox 781 4363 942 4444; x_wconf 88' lang='grc' dir='ltr'><strong><em>πρωτείων.</em></strong></span> <span class='ocrx_word' id='word_1_296' title='bbox 966 4383 1040 4449; x_wconf 88' lang='lat' dir='ltr'><strong>pag.</strong></span> <span class='ocrx_word' id='word_1_297' title='bbox 1065 4359 1143 4429; x_wconf 68' lang='lat'><strong><em>375.</em></strong></span> <span class='ocrx_word' id='word_1_298' title='bbox 1161 4360 1228 4443; x_wconf 79' lang='grc' dir='ltr'><strong><em>περί</em></strong></span> <span class='ocrx_word' id='word_1_299' title='bbox 1253 4384 1332 4444; x_wconf 85' lang='grc' dir='ltr'><strong><em>πρω-</em></strong></span> 
     </span>
     <span class='ocr_line' id='line_1_34' title="bbox 145 4468 514 4552; baseline -0.003 -18"><span class='ocrx_word' id='word_1_300' title='bbox 145 4469 232 4535; x_wconf 83' lang='grc' dir='ltr'><strong><em>τείων</em></strong></span> <span class='ocrx_word' id='word_1_301' title='bbox 254 4468 514 4552; x_wconf 66' lang='grc' dir='ltr'><strong><em>ἀμφισβητῆσαι.</em></strong></span> 
     </span>
    </p>
   </div>
   <div class='ocr_carea' id='block_1_8' title="bbox 0 0 1656 5090">
    <p class='ocr_par' dir='ltr' id='par_1_8' title="bbox 0 0 1656 5090">
     <span class='ocr_line' id='line_1_35' title="bbox 0 0 1656 5090; baseline 0 5"><span class='ocrx_word' id='word_1_302' title='bbox 0 0 1656 5090; x_wconf 95' lang='lat' dir='ltr'><strong><em> </em></strong></span> 
     </span>
    </p>
   </div>
  </div>
 </body>
</html>
