3342 5080
730 333 796 403 573

209 523 289 615 Peg.
325 524 399 594 799.
432 523 486 592 28.
512 525 575 599 τῶς
599 523 630 591 δὲ
653 531 725 598 ταῖς
749 523 922 604 νουμηνίαις
947 527 989 599 είς
1013 528 1067 603 την
1091 525 1256 606 όκρότολιν
1280 528 1357 595 σίνα-

164 631 390 710 βαίνΟΝΤΕΟ
414 632 544 712 τοίγαόοδ
568 641 607 714 τῇ
630 628 719 697 πόλει
743 630 854 697 διδόναι
874 634 926 698 καὶ
947 629 1057 707 ἔνατος
1079 634 1177 716 ἑαυτῷ
1197 643 1259 709 τοῖς
1281 637 1357 711 θεοῖς

164 736 312 815 εόξεΤΑΙ
343 734 478 804 όταν-
495 738 651 805 τοίναντία
681 745 745 811 τοῖς
775 734 868 819 όοκοις
899 739 952 805 καὶ
984 748 1048 814 τοῖς
1079 742 1147 806 ἐκεῖ
1169 741 1357 822 γράμμασιν

165 846 380 925 ίγνωκοΤθο
416 842 480 921 ἦτε.
533 844 681 912 Postulat
714 843 777 911 loci
812 848 998 933 compositio
1032 852 1070 913 ut
1105 846 1269 924 ειίξεῦθθ
1300 871 1357 937 pro

165 950 289 1028 εὔξεται
320 953 521 1018 rescribatur.
568 951 706 1017 Librarii
735 952 871 1018 verbum
893 953 933 1018 ad
955 955 1103 1039 proxima
1124 950 1233 1028 ἔνατος
1258 955 1356 1039 ἑαυτῷ

166 1059 456 1125 accommodarunt.
504 1057 580 1124 Sine
602 1060 671 1125 vito
695 1061 804 1124 statim
828 1061 993 1127 scribitm:
1019 1060 1275 1141 acceptasses
1293 1071 1356 1136 τοῖς

165 1164 459 1246 ἀποψηφισαμένοις
490 1169 580 1230 τοῦτο
608 1166 644 1231 τό
675 1165 762 1234 τιςόν
792 1161 928 1235 terroe
960 1176 1074 1234 Ao'rc
1106 1169 1145 1241 τίς
1176 1171 1229 1235 οὐκ
1262 1168 1355 1244 αὐτὸς

166 1266 253 1344 οὗτός
278 1273 350 1340 ίτιν.

209 1512 247 1578 In
278 1514 390 1580 eodem
420 1513 490 1582 loco
520 1536 594 1605 pag.
628 1513 706 1581 800.
741 1519 771 1581 1.
801 1522 864 1590 τῶς
888 1516 920 1582 δὲ
943 1526 1015 1592 ταῖς
1040 1520 1212 1598 νουμηνίαις
1235 1521 1278 1593 είς
1302 1519 1357 1593 την

165 1617 330 1700 saporose
368 1623 589 1701 ἀναβαίνοντες
627 1623 758 1702 retroiri
797 1632 835 1704 τῇ
871 1624 959 1689 πόλει
993 1624 1164 1692 διδόναι-
1183 1633 1246 1701 τοῖς
1282 1628 1357 1700 denir

165 1723 288 1804 εὔξεσθε
312 1722 387 1792 όταν
410 1725 493 1801 όντος
515 1727 624 1794 τούτου
648 1731 714 1796 ἐκεῖ
733 1729 786 1795 καὶ
811 1734 865 1795 τοῦ
888 1740 1061 1797 HATPOC
1082 1734 1178 1797 αὐτοῦ
1202 1736 1256 1797 τοῦ
1279 1755 1355 1812 χρη·

166 1838 218 1901 τοῦ
249 1833 403 1899 τοίναντία
421 1872 465 1884 ·-
481 1842 545 1908 τοῖς
576 1835 642 1901 ἐκεί
669 1834 857 1917 γράμμασιν
887 1837 1054 1915 ἐγνωκότες
1085 1834 1156 1913 dm
1195 1837 1358 1904 Mirantur

166 1961 276 2007 omnes
306 1941 533 2031 Aristogitonis
556 1950 675 2028 patrem
706 1946 967 2027 commemorari,
1000 1963 1095 2030 quem
1128 1943 1252 2009 dudum
1274 1965 1358 2010 mor·
1408 2031 1411 2038 Δ

167 2053 262 2115 tuum
294 2053 326 2114 et
357 2046 520 2134 sepultum
551 2070 618 2115 esse
641 2054 764 2116 constat
790 2050 827 2135 ¹).
874 2049 986 2135 Itaque
1009 2056 1164 2117 corrector
1186 2053 1220 2116 in
1243 2047 1359 2117 Oodioe

166 2155 305 2241 quodam
334 2155 550 2222 Parisino'de
582 2176 639 2222 suo
670 2155 812 2234 ἀδελφοῦ
842 2176 899 2243 pro
930 2155 1046 2238 πατρός
1077 2159 1235 2242 reposuit,
1262 2156 1359 2242 idque

166 2260 348 2328 Dindorfius
368 2264 487 2346 recepit
509 2263 543 2327 in
566 2267 703 2328 textum.
752 2261 856 2343 Quam
879 2261 1009 2328 tandem
1033 2283 1100 2329 csse
1122 2269 1237 2348 putnnt
1259 2263 1358 2328 huius

164 2365 226 2433 loci
250 2365 462 2434 sententiam?
512 2367 576 2450 Qrcc
591 2380 698 2453 pacto,
719 2370 840 2454 inquit,
866 2368 901 2432 οἰι
923 2391 992 2433 arce
1014 2368 1089 2432 borso
1113 2368 1223 2432 aDs'ie
1242 2368 1357 2432 ιἰιννιοτ-

164 2475 276 2540 talibus
303 2474 503 2560 precabimioi
535 2491 721 2540 emesenus
754 2475 807 2562 όοο
842 2480 870 2539 et
900 2476 972 2539 όοιιο
996 2475 1107 2558 fratre
1137 2474 1226 2539 eise?
1272 2471 1357 2552 Gur,

165 2601 298 2666 quasso,
328 2601 392 2646 non
421 2585 567 2666 poterant
596 2583 631 2645 in
660 2601 731 2647 arce
760 2580 844 2647 Deos
867 2583 989 2668 precari
1012 2601 1117 2648 coram
1141 2581 1359 2669 Aristogitone

165 2695 196 2756 et
223 2689 321 2754 fratre
344 2685 433 2754 eiust
479 2686 580 2754 Orode
604 2686 693 2753 aliud
717 2688 794 2773 quid
818 2685 992 2776 significari
1015 2688 1122 2755 verbis
1145 2685 1226 2758 όντος
1250 2687 1358 2752 τούτου

167 2797 238 2861 ἐκεῖ.
286 2794 410 2880 Nempe
440 2793 476 2859 in
506 2793 616 2861 tabula
646 2792 754 2881 lignea
779 2794 822 2882 (ἐν
846 2793 957 2881 σανίδι)
982 2797 1017 2859 in
1040 2815 1110 2860 arce
1133 2792 1218 2880 apud
1240 2792 1361 2892 Miner-

166 2923 224 2969 vae
255 2900 414 2988 templum
444 2899 543 2982 (παρὰ
577 2910 615 2982 τῇ
649 2900 716 2984 θεῷ)
747 2901 900 2986 inscripta
932 2905 1021 2966 erant
1043 2901 1174 2965 nomina
1194 2901 1254 2965 τῶν
1275 2899 1359 2981 toper-

167 3007 280 3074 λόντων
303 3008 346 3088 τῷ
370 3005 513 3087 δημοσίῳ.
559 3005 598 3071 In
620 3007 671 3072 his
695 3011 762 3072 erat
785 3009 817 3071 et
840 3007 1069 3095 Aristogitonis
1092 3026 1207 3071 nomen
1232 3011 1264 3071 et
1284 3006 1360 3072 boni

167 3130 281 3182 esrem
310 3115 389 3179 eius.
438 3113 549 3198 Itaque
582 3133 619 3179 ea
645 3133 694 3178 rea
717 3110 907 3200 religionem
932 3111 1067 3178 obiicere
1091 3111 1226 3179 debebat
1247 3112 1361 3177 iudici·
1416 3167 1417 3172 ,

167 3221 243 3296 bus,
287 3220 343 3306 qni
382 3219 611 3306 sycophantam
646 3224 813 3305 tamquam
848 3219 903 3283 οὐκ
937 3218 1105 3299 όφείλοντα
1141 3217 1361 3285 absolvissent.

167 3325 338 3412 Perspicua
368 3325 492 3391 dictum
522 3331 570 3392 est
600 3325 639 3391 de
666 3346 755 3391 aare
776 3321 850 3391 όταν
880 3332 966 3420 τοῖς
998 3325 1086 3390 ἐκεῖ
1114 3322 1359 3405 γράμμασιν

167 3433 292 3515 ἐναντία
319 3431 486 3509 ἐγνωκότες
510 3426 572 3506 ἦτε.
619 3431 731 3518 Itaque
755 3433 853 3496 etiam
875 3431 959 3517 quod
978 3431 1138 3518 praecedit
1160 3430 1242 3502 όντος
1261 3431 1357 3496 αὐτοῦ

167 3540 233 3605 ἐκεῖ
261 3537 373 3604 eodem
402 3538 603 3604 referendum
628 3543 660 3602 et
683 3537 812 3624 perinde
837 3543 885 3604 est
909 3558 945 3603 ac
969 3539 996 3602 si
1020 3537 1152 3604 dixisset
1175 3537 1360 3616 ἐγγεγραμ-

166 3645 258 3725 μένου
287 3645 382 3710 αὑτοῦ
413 3644 485 3718 ἐκεῖ.
533 3643 639 3710 Patris
671 3664 795 3730 quoque
822 3664 939 3710 nomen
963 3664 1158 3730 quamquam
1181 3645 1304 3709 mortui
1326 3645 1361 3708 in

166 3751 281 3818 iisdem
305 3748 424 3816 tabuiis
448 3749 607 3816 haerebat.

211 3857 367 3941 Omnem,
399 3855 509 3934 credo,
542 3856 775 3924 dubitationem
806 3858 926 3923 eximet
952 3855 1042 3923 locus
1064 3858 1099 3921 in
1121 3856 1261 3923 oratione
1285 3858 1357 3940 τρδι

166 3963 292 4031 Βοιωτόν
326 3962 392 4044 rep>
425 3967 478 4029 τοῦ
506 3962 653 4043 όνόματος
677 3985 751 4052 pag.
776 3961 854 4030 998.
924 4011 932 4028 .
958 3961 997 4029 ts
1019 3963 1051 4029 δὲ
1069 4000 1110 4012 -
1127 3961 1234 4044 χρόνον
1258 3962 1358 4046 διίλόη

167 4070 219 4136 καί
251 4071 295 4149 μη
327 4070 449 4154 ἒιιτισόῇ
481 4069 517 4134 τό
538 4068 689 4153 όφλημα,
714 4071 747 4135 τί
770 4073 894 4147 μᾶλλον
918 4072 943 4137 ci
968 4069 1076 4135 τούτου
1101 4067 1211 4143 ταῑδες
1234 4069 1356 4136 ἔσονται

163 4259 354 4271 *nn-u

204 4388 230 4452 l)
250 4402 303 4452 ptig-
322 4387 379 4441 787.
398 4390 421 4436 1.
437 4380 480 4432 ris
502 4379 599 4444 σατόρα
618 4408 649 4414 —
667 4378 818 4429 όσοόανόντα
836 4379 849 4428 ό
867 4377 958 4442 despire
977 4377 1019 4427 καί
1037 4378 1119 4443 μιαρός
1140 4377 1182 4429 σόα
1200 4377 1288 4442 ’ίόαόνιν
1306 4379 1361 4432 acts

167 4478 218 4534 τοῖς
237 4473 329 4536 iddare
348 4476 393 4534 την
411 4475 493 4536 ταφὴν
512 4470 633 4522 όπίδοιιιεν
651 4470 720 4521 aas&
738 4471 780 4520 ιιαδ
797 4467 863 4531 δίκην
880 4469 937 4534 πρὸς
956 4466 1059 4534 iuxta.
