3308 5090
877 337 922 408 64

310 521 423 604 λθγονς
454 529 532 596 αότθ
562 533 650 618 τοῦτο
681 528 767 609 ὀρθῶς
798 531 899 598 αὐτῶν
929 529 1009 613 ἔχει.
1053 529 1108 600 sio
1138 528 1253 598 Seme
1276 549 1380 596 sensu.
1412 525 1526 593 Alii:
1640 543 1643 597 t

310 633 397 714 ὀρθῶς
429 632 496 714 ἔχει
529 636 613 716 αὐτῷ
645 634 737 713 δοκῶ,
769 641 841 702 aut:
873 636 959 717 ὀρθῶς
985 634 1070 719 ἔχειν
1094 637 1179 717 αὐτῷ
1204 637 1289 702 δοκῶ.
1335 633 1527 720 Dittogrn

309 739 421 825 phiam
451 741 567 818 videe,-
589 742 676 822 ὀρθῶς
707 739 775 823 ἔχει
807 747 839 808 et
868 743 953 824 ὀρθῶς
987 745 1072 824 αὐτῷ
1096 743 1188 821 δοκῶ,
1212 762 1292 828 quae
1314 738 1526 806 coaluerunt
1641 729 1643 748 ’

310 848 344 912 in
366 867 479 912 unum.
525 847 729 933 Receperim:
753 848 779 913 εἰ
803 848 836 914 δέ
859 875 903 931 τῳ
927 850 1000 916 δοκῶ
1026 889 1068 900 -
1091 850 1177 932 ὀρθῶς
1202 849 1286 928 αὐτῷ
1310 846 1395 912 δοκῶ.
1444 843 1524 908 Est

310 973 422 1040 operae
451 955 592 1039 pretium
623 955 681 1020 hoe
709 953 794 1021 loooe
821 975 1002 1042 comparare
1025 977 1097 1044 pag.
1124 955 1178 1022 20.
1204 953 1257 1020 19.
1281 953 1376 1023 εἴτις
1399 950 1520 1016 οἴεται

311 1095 354 1107 -
378 1060 430 1124 οόιι
454 1059 540 1139 ὀρθῶς
564 1058 671 1124 οἴεται.
696 1081 770 1148 pag.
795 1058 848 1126 41.
872 1058 903 1126 8.
925 1062 954 1126 εἴ
972 1085 1019 1134 τις
1039 1061 1135 1127 οἴεται
1150 1061 1290 1141 -ὀρθῶς
1312 1059 1369 1137 μὲν
1388 1055 1517 1122 οἴεται.

308 1187 382 1254 pag.
409 1163 483 1232 101.
509 1163 564 1230 22.
588 1167 614 1230 ei
639 1163 671 1230 δέ
694 1190 736 1247 τῳ
756 1165 840 1231 δοκεῖ
857 1202 877 1217 -
897 1167 949 1232 καὶ
969 1165 1050 1246 μάλ’
1067 1168 1154 1247 ὀρθῶς
1175 1168 1264 1233 δοκεῖ.
1284 1186 1358 1253 pag.
1373 1160 1454 1228 130.
1474 1159 1515 1226 4.

308 1272 334 1336 ci
358 1272 384 1337 δ’
407 1270 502 1336 οἴεσθε
528 1309 569 1321 -
594 1273 647 1336 οῶιι
670 1273 757 1352 ὀρθῶς
780 1272 883 1339 οἴεσθε.
910 1295 983 1362 pag.
1011 1271 1085 1340 137.
1113 1271 1167 1340 23.
1192 1275 1218 1338 ei
1238 1271 1270 1337 δέ
1290 1294 1331 1351 τῳ
1351 1271 1434 1336 δοκεῖ
1454 1302 1514 1315 --

308 1377 361 1444 καὶ
386 1376 468 1454 μάλ’
491 1379 577 1456 ὀρθῶς
602 1377 691 1444 δοκεῖ.
715 1399 788 1469 pag.
816 1377 891 1446 192.
917 1377 969 1446 17.
997 1381 1023 1445 εἰ
1048 1379 1105 1459 μὲν
1128 1379 1285 1458 ἐγνώκατε
1313 1415 1354 1426 -
1379 1377 1412 1441 οὐ
1437 1397 1512 1440 κα·

308 1489 368 1556 λῶς
393 1484 560 1562 έγνῶιιατε.

352 1695 433 1786 Pag.
469 1694 545 1761 171.
579 1695 631 1762 15.
658 1693 704 1762 ὀτι
735 1698 762 1763 t·
793 1698 888 1771 οὐδεὶς
914 1737 956 1748 -
981 1705 1087 1766 ταῦτα
1110 1698 1215 1778 λέγει,
1240 1697 1299 1770 τοὶς
1324 1693 1507 1782 προφάσεις

308 1803 369 1881 έγῶ
399 1799 526 1879 διέξειμι
558 1801 641 1882 ὑμῖν.
688 1803 780 1870 Libri
809 1825 919 1872 omnes
946 1805 1076 1871 ταύτας
1101 1803 1189 1884 Λέγει
1212 1804 1252 1870 ob
1276 1823 1321 1888 sq.
1344 1803 1404 1876 τοὶς
1427 1825 1505 1883 τρο·

307 1904 432 1989 φόσειε.
479 1905 581 1974 Senon
610 1929 749 1976 vaenum
779 1931 846 1976 eaeo
876 1932 939 1977 non
965 1915 1107 1978 sentiunt
1129 1931 1231 1998 quum
1252 1911 1359 1976 vicina
1380 1910 1502 1975 vicinia

305 2012 391 2079 male
421 2015 669 2081 accommodant.
717 2013 913 2084 Oorrootoroe
939 2023 1062 2084 tacent:
1085 2037 1182 2103 qoam
1205 2016 1301 2102 probe
1323 2018 1419 2100 patae
1441 2034 1499 2080 eoa

306 2119 453 2186 homines
474 2119 698 2188 Demosthenis
721 2126 894 2190 sententiae
916 2120 1118 2212 intelligeret

351 2331 432 2420 Pag.
459 2328 532 2396 171.
560 2329 612 2397 17.
637 2332 806 2410 candidati,
832 2334 954 2419 inquit,
978 2333 1030 2420 qui
1045 2339 1221 2418 ρινοοθνιοοιι
1242 2339 1365 2416 petunt,
1388 2335 1496 2398 αοόνιιθ

304 2438 386 2504 votis
416 2460 451 2502 ea
482 2437 596 2515 dicere,
629 2461 705 2524 quae
732 2461 782 2519 ορο
804 2440 990 2518 nannetico,
1016 2439 1113 2505 δοῦλοι
1137 2445 1193 2513 τῆς
1217 2438 1268 2504 oo
1292 2439 1334 2518 τῶ
1358 2461 1492 2518 χειροτο-

307 2546 419 2610 νεῖσθαι
439 2542 568 2624 χθριτος
588 2543 801 2625 περιέρχονται
825 2547 1073 2621 τελεσθῆναι
1096 2545 1252 2626 τρατηγθς
1272 2540 1380 2619 έιιαςος
1402 2568 1494 2611 σιτον-

306 2650 422 2733 ὀθζιον,
453 2651 507 2714 οὐκ
537 2648 640 2728 ἀνδρὸς
674 2647 760 2730 ἔργον
783 2651 865 2716 οὐδὲν
888 2651 1020 2734 τρόιξαι.
1067 2650 1351 2719 Perversioaimum
1374 2655 1423 2716 eat
1445 2675 1494 2715 τε-

305 2760 448 2833 λεσθῆναι
488 2755 653 2836 ερατηγθς.
708 2755 783 2821 Vidi
821 2760 1028 2845 interpretem
1066 2761 1175 2824 omnia
1207 2760 1311 2843 prisea
1344 2761 1376 2821 et
1410 2777 1492 2823 nova

303 2866 492 2930 miscentem
522 2864 578 2947 qui
607 2867 735 2947 putaret
756 2883 823 2930 esee
844 2866 1005 2947 atratepz'ae
1025 2863 1147 2928 initiari
1168 2863 1324 2950 mysteriis.
1360 2858 1491 2950 Nugae!

305 2968 459 3037 confusas
491 2989 558 3034 eaeo
579 2971 721 3054 auspicor
743 2969 821 3036 duae
844 2970 923 3036 olim
944 2971 1096 3038 lectiones
1118 2970 1228 3035 haece:
1253 2967 1395 3047 γενέσθαι
1420 2990 1489 3047 ερο-

303 3074 400 3155 τηγθς
427 3082 459 3144 et
489 3076 641 3155 αἱρεθῆναι
672 3076 847 3155 ςριιτηγός,
876 3098 1012 3163 quarum
1041 3077 1118 3142 haeo
1148 3075 1231 3142 mihi
1262 3073 1368 3140 multo
1388 3077 1491 3160 potior

302 3182 441 3251 videtur.
497 3182 643 3259 „Praetor
682 3199 797 3248 onnam
834 3185 1034 3271 νιιιιεριιθιριιο
1071 3183 1169 3268 apic,
1210 3203 1268 3246 ιιοιι
1301 3181 1363 3246 oiri
1398 3179 1490 3266 officio

302 3289 405 3372 sangi.

348 3502 428 3590 Pag.
455 3498 530 3566 172.
554 3498 587 3568 2.
611 3499 750 3582 τρότερον
770 3501 828 3580 μὲν
849 3501 934 3568 κατὰ
958 3502 1131 3581 συμμορίας
1154 3499 1350 3583 εἰσεφέρετε,
1376 3500 1437 3566 νυνὶ
1456 3500 1488 3567 δὲ

303 3608 499 3673 πολιτεύεσθε
533 3607 618 3672 κατόι
653 3609 835 3687 σομμορθας.
871 3609 964 3690 ῥήτωρ
1001 3606 1124 3686 ἡγεμὼν
1159 3607 1212 3672 καὶ
1243 3607 1398 3686 ερατηγθς
1432 3607 1488 3672 tort

302 3714 399 3794 τούτῳ
435 3713 488 3778 καὶ
523 3714 548 3778 oi
583 3713 762 3791 βοησόμενοι
797 3715 867 3794 μεθ’
898 3713 1046 3794 ἑκατέρων
1077 3713 1256 3794 τριακθσιοι·
1290 3715 1315 3778 οἱ
1346 3712 1372 3778 δ’
1396 3711 1488 3778 ἄλλοι

302 3818 539 3902 τροσνενέμησθε
563 3820 588 3886 οἱ
612 3821 668 3899 μέν
690 3823 728 3892 ῶς
754 3819 898 3894 τούτους.
923 3822 949 3885 οἱ
972 3821 1000 3884 δ’
1021 3823 1060 3891 ῶς
1085 3820 1223 3892 έιιεόνους.
1267 3817 1363 3884 Huno
1381 3817 1488 3886 looum

301 3930 456 4012 impostor
485 3926 609 3992 furatus
638 3932 686 3994 eat
717 3948 756 3992 ex
791 3927 967 4013 Olynthium
996 3925 1038 3993 Π.
1068 3947 1141 4013 pag.
1174 3924 1227 3990 26.
1262 3924 1317 3990 21.
1350 3924 1490 4006 τρότερον

302 4037 359 4116 μὲν
383 4033 445 4112 γὰρ
468 4033 643 4114 εἰσεφέρετε
667 4033 753 4099 κατὰ
776 4032 950 4115 συμμορίας
972 4033 1134 4120 (admonet
1155 4034 1239 4098 auris
1259 4032 1488 4118 transponenda

302 4161 369 4209 esso
388 4144 426 4206 ut
447 4159 519 4228 pag.
543 4135 618 4206 172.
640 4140 725 4205 κατὰ
745 4139 917 4218 συμμορθας
939 4139 1146 4222 εἰσεφέρετε),
1167 4137 1226 4202 νυνὶ
1249 4137 1280 4203 δὲ
1292 4136 1489 4203 πολιτεύεσθε

302 4247 386 4312 κατὰ
410 4245 592 4327 συμμορίας.
615 4245 709 4328 ῥήτωρ
733 4245 858 4323 ἡγεμὼν
880 4246 1028 4326 ἑκατέρων
1053 4244 1105 4308 καὶ
1130 4243 1284 4323 τρατηγός
1310 4244 1367 4310 ὑπὸ
1391 4243 1489 4324 τούτῳ

301 4357 354 4424 καὶ
386 4355 411 4421 οἱ
436 4350 615 4432 βοηοθμενοι
639 4350 820 4431 τριαιιόσιοι·
846 4353 871 4419 oi
894 4354 920 4418 δ’
945 4354 1036 4417 ἄλλοι
1060 4350 1297 4429 προσνενέμησθε
1321 4351 1346 4416 oi
1369 4351 1426 4430 μέν
1449 4353 1489 4422 ῶς

301 4463 425 4536 τούτους
436 4508 445 4539 ,
479 4461 504 4526 ot
537 4458 567 4524 δὲ
598 4463 637 4532 ῶς
667 4458 806 4532 εἰιεένονς.
853 4460 947 4527 Nune
969 4459 1053 4525 mihi
1076 4457 1246 4545 diligenter
1269 4455 1431 4523 considera
1453 4477 1490 4522 ea
