3348 5086
864 347 929 418 ³50

435 541 490 609 σὺν
514 544 545 610 δὲ
569 543 666 618 πόδας
690 540 800 624 χεῖρας
825 566 860 606 τε
884 539 970 606 δέον
994 536 1158 616 θυμαλγέιΙ
1180 536 1292 618 δεσμῷ.

299 671 361 716 non
393 652 456 726 sic,
487 650 542 715 sed
574 658 770 716 AlheNTo
795 653 828 715 et
851 655 986 727 ΔΙΔΕΝ
1009 650 1138 732 politam
1161 643 1303 720 dedisse,
1329 646 1367 708 ut
1387 661 1496 709 emen-

302 757 375 821 date
398 754 521 844 legitur
543 765 584 821 A.
612 755 686 822 105.
1021 825 1023 828 .

666 871 770 928 ΔΙΔΗ
794 859 940 943 μόσχοισι
966 859 1096 937 λύγοισι.

345 967 440 1053 Apud
459 966 662 1055 Hesychium
681 973 832 1035 notantur
850 969 910 1033 hae
929 967 1066 1033 formae:
1088 963 1231 1038 Διδέαοι,
1252 962 1345 1040 Aha,
1360 961 1495 1039 ΔΙόνιμι,

301 1074 460 1140 Διδένπνν.
508 1073 709 1141 Vitiaverant
736 1073 902 1161 plerasque
924 1073 1065 1151 librarii,
1091 1069 1146 1138 sed
1167 1069 1304 1136 feliciter
1325 1070 1497 1134 restitutae

300 1185 375 1247 sunt
398 1199 519 1248 omnes.

826 1391 961 1458 XXXV.

765 1574 867 1640 loun.
891 1585 926 1639 B.
952 1572 1027 1640 558.

349 1762 450 1828 Fama
478 1765 525 1827 est
550 1761 681 1847 abipso
706 1757 820 1825 Solone
843 1759 878 1824 in
899 1755 992 1824 Iliad.
1016 1768 1050 1821 B.
1076 1751 1152 1824 558.
1177 1753 1406 1844 interpolatum
1428 1772 1500 1820 esse

303 1889 433 1934 versum
455 1867 560 1933 hunc:

485 1980 561 2047 ςῖροε
584 1970 611 2037 δ’
635 1968 722 2053 ἄγων
745 1967 784 2036 ἵν’
808 1971 975 2046 Ἀθηναίων
998 1969 1102 2042 icem
1124 1969 1313 2053 Φαλαγγες.

305 2101 402 2168 quam
422 2080 567 2146 fraudem
583 2077 790 2144 Aristarchus
810 2083 902 2144 acute
920 2081 1080 2164 perspexit
1097 2077 1355 2163 versiculumque
1373 2077 1501 2142 invicto

307 2192 498 2275 argumento
521 2185 686 2252 damnavit
708 2189 741 2250 et
764 2187 926 2271 expunxit
962 2184 991 2249 A
1014 2183 1127 2250 Solone
1146 2183 1232 2248 hunc
1248 2181 1356 2264 locum
1377 2205 1500 2262 παρεμ-

304 2294 484 2372 βεβιιιῑοθιιι
518 2296 615 2358 testes
647 2297 722 2356 sunt
753 2297 784 2356 et
815 2291 873 2356 ah'i
904 2294 936 2356 ct
962 2289 1155 2355 Plutarchus
1177 2292 1212 2354 in
1234 2288 1339 2352 8νίονοο
1361 2309 1427 2374 cap.
1452 2287 1499 2353 X.

304 2398 368 2464 Sed
401 2401 545 2484 quisquis
575 2399 709 2462 inseruit
735 2395 905 2462 manifesto
929 2396 1080 2482 deprensa
1102 2395 1188 2461 fraus
1211 2399 1268 2460 est.
1314 2394 1366 2460 Ad
1388 2397 1499 2480 ipsum

302 2504 410 2571 locum
442 2503 526 2568 nihil
550 2507 738 2568 annotatum
761 2501 917 2568 videmus
967 2501 1111 2568 Fortasse
1133 2500 1336 2567 Aristarchus
1359 2502 1500 2566 versicu-

303 2609 374 2674 lum
397 2609 568 2674 manifesto
591 2610 737 2694 spurium
761 2606 823 2673 οὐδ’
850 2606 998 2688 ἔγραφεν.
1046 2605 1108 2673 Sed
1133 2608 1230 2673 adr.
1255 2605 1334 2674 230.
1355 2606 1500 2673 mnfirtat

304 2735 442 2782 errorem
473 2713 639 2799 multoque
669 2715 826 2800 copiosius
855 2714 943 2781 idem
974 2713 1049 2780 fecit
1079 2712 1193 2780 Strabo
1224 2711 1282 2779 IX.
1314 2735 1388 2802 pag.
1418 2710 1495 2778 394.

304 2818 481 2886 Aristarchi
506 2821 744 2885 commentariis
768 2840 855 2886 usus.
893 2817 1118 2906 Compluribus
1142 2822 1228 2886 enim
1250 2819 1386 2886 Homeri
1403 2818 1497 2903 locis,

304 2947 382 3014 quos
412 2925 526 2992 Strabo
556 2928 739 3011 enumerat,
771 2926 974 2992 Anstarmus
997 2926 1245 2992 demonstrauit:
1269 2923 1314 2991 ὅτι
1339 2927 1392 2991 οὐκ
1417 2923 1497 3002 ἦσαν

305 3030 433 3106 πλησίον
455 3031 588 3104 Αἴαντος
614 3031 777 3106 Ἀθηναῖοι.
813 3031 1017 3097 Aristarchus
1042 3031 1277 3119 interpolatoris
1298 3053 1415 3098 nomen
1432 3051 1498 3098 non

304 3142 463 3204 memorat
485 3138 536 3202 cdo
558 3138 661 3220 ςίχον,
686 3139 806 3223 inquit,
828 3138 879 3203 cdo
904 3136 978 3202 ὑπό
1000 3161 1116 3203 τινοιν
1139 3137 1348 3218 γραφόμενον.
1384 3136 1498 3204 Strabo

305 3249 430 3311 contra:
454 3243 508 3309 acc!
529 3248 628 3323 Φαοιν
652 3245 677 3308 οἱ
702 3244 759 3321 μὲν
782 3242 982 3324 nutrieram
1007 3246 1032 3310 ol
1057 3245 1087 3310 δὲ
1112 3244 1239 3311 Σόλωνα
1264 3242 1495 3323 παρεγγράψαι

305 3350 340 3414 τὸ
374 3348 460 3422 ἔπος.
485 3351 600 3414 caeteri
625 3370 734 3415 omues
757 3349 905 3414 Solonem
929 3371 1030 3416 unum
1053 3354 1228 3418 nominant
1278 3350 1428 3436 Quisquis
1448 3353 1498 3415 in-

305 3455 475 3542 terpolavit
505 3459 589 3520 certe
612 3455 676 3520 fuit
697 3456 901 3521 Atheniensis
927 3454 1058 3542 aliquis,
1084 3460 1166 3523 eirca
1190 3457 1315 3524 Solonis
1338 3461 1394 3522 aut
1414 3456 1497 3522 Pisi·

305 3563 398 3628 strati
417 3565 572 3646 aetatem,
591 3581 693 3647 neque
712 3565 883 3648 quisquam
903 3567 976 3627 aute
995 3564 1217 3630 Aristarchum
1229 3567 1328 3629 sensit
1339 3562 1497 3628 heodem.

306 3668 424 3735 Versus
455 3669 523 3753 ipse
544 3671 592 3732 est
615 3667 752 3747 ὃμοριιιός
778 3673 811 3733 et
833 3667 976 3733 Homero
1002 3668 1131 3757 dignus,
1158 3669 1267 3756 quales
1290 3675 1322 3736 et
1345 3667 1441 3734 Solon
1463 3673 1498 3734 et

306 3774 494 3842 Pisistratus
517 3772 683 3839 commode
706 3793 844 3861 pungere
867 3773 962 3840 ambo
986 3778 1141 3860 poterant.

825 3997 975 4065 XXXVI.

665 4180 785 4245 'ssPHI
815 4179 881 4246 ἘΝ
905 4189 1132 4248 ἙΕΙΑΡΙΝΗΙ.

352 4365 468 4430 Tribus
499 4365 583 4452 apud
609 4363 790 4430 Homerum
813 4363 891 4430 locis
914 4363 1080 4430 Beklxerua
1103 4365 1205 4432 edidit
1226 4363 1282 4447 ὅροι
1305 4367 1334 4430 ἐν
1356 4373 1495 4446 νειαρινῇ.

306 4483 346 4538 Π.
372 4469 449 4539 643.
