3348 5086
150 4400 200 4416 Λ

362 519 471 586 Etiam
504 517 620 596 ἀξιοντο
649 524 698 585 est
726 525 759 582 ἀνι
790 520 876 583 b'bria
906 521 1057 602 οποιιίύιιι,
1089 522 1120 583 et
1152 523 1260 583 tamen
1288 518 1360 603 quis
1382 515 1510 582 dubitat

318 629 396 712 quin
419 629 461 692 sit
484 628 638 691 vitiosum
660 629 692 690 et
714 622 904 690 barbarum?
940 626 1061 690 Δύσετο
1081 630 1113 688 et
1133 624 1219 690 δύσεο
1240 627 1317 688 satis
1337 623 1510 688 ostendunt

319 732 456 797 δύσοντο
479 753 592 797 verum
618 753 684 796 esse
707 738 739 796 et
761 734 828 796 sine
852 752 942 798 mora
964 730 1189 818 reponendum.
1228 730 1330 796 Affine
1352 730 1510 795 mendum

319 845 367 903 est
391 849 428 903 Σ.
453 835 530 904 376.
553 840 588 902 in
611 837 801 924 vulgaribus
825 836 935 902 libris:

523 943 605 1024 ὄφρα
629 966 666 1008 τοι
693 942 865 1018 αὐτθματοι
891 945 965 1008 θεῖον
989 943 1142 1008 δυσΑΙατ’
1161 945 1280 1021 ἀγῶνα.

318 1052 353 1114 in
383 1050 570 1115 melioribus
602 1056 634 1114 et
665 1050 749 1134 apud
781 1047 1017 1116 Grammaticos
1048 1056 1096 1114 ast
1125 1055 1181 1114 aut
1213 1048 1355 1112 δύσονται
1386 1049 1438 1132 (ut
1468 1057 1509 1112 H.

320 1154 412 1235 298.)
443 1163 499 1220 aut
528 1155 690 1220 δύσονται.
738 1158 900 1222 Δνσαθατο
931 1177 994 1223 non
1018 1159 1126 1221 minus
1149 1162 1197 1220 est
1220 1155 1391 1220 barbarum
1413 1175 1511 1240 quam

319 1261 459 1326 δύσαντο.
496 1262 591 1347 Apud
611 1282 695 1327 seros
715 1259 887 1328 Graeculos
906 1284 962 1349 pro
983 1300 1003 1312 -
1016 1264 1082 1328 έδον
1103 1269 1215 1327 natum
1234 1267 1282 1326 est
1303 1298 1322 1311 -
1336 1261 1511 1344 εδντάροην,

319 1367 473 1433 ἀπύδνσαι
497 1389 554 1452 pro
576 1367 722 1442 ἀπόδυθι,
748 1369 929 1434 ἐνδύσασθαι
954 1390 1010 1455 pro
1031 1368 1150 1434 ἐνδῦναι
1173 1372 1205 1433 et
1225 1367 1354 1433 similia.

364 1473 451 1538 Inter
474 1497 575 1538 -σεσο
600 1479 633 1538 et
655 1509 674 1522 -
687 1498 764 1538 σατσ
788 1477 822 1538 in
845 1475 964 1541 talibus
987 1476 1194 1562 ambigebant
1217 1477 1335 1548 ctiam,
1357 1477 1395 1538 ut
1422 1473 1513 1540 rida-

320 1587 375 1645 tur
382 1631 392 1662 ,
426 1575 538 1644 Oritici
572 1583 702 1644 veteres.
750 1579 808 1645 Est
843 1584 1005 1647 annotatio
1036 1583 1070 1645 in
1101 1580 1220 1646 Veneto
1252 1591 1285 1644 Β.
1316 1579 1355 1644 ad
1386 1591 1417 1643 B.
1453 1577 1510 1644 35.

320 1686 578 1762 ἀπεβήσετοτ
602 1684 615 1747 ὁ
639 1687 696 1761 μὲν
721 1685 880 1760 Ζηνόδοτος
906 1687 957 1752 διὰ
981 1692 1034 1751 τοῦ
1061 1687 1242 1766 Εγράφει,
1265 1676 1278 1748 d
1299 1687 1351 1750 καὶ
1374 1685 1514 1757 ἀμεινον.

319 1793 345 1857 οἱ
371 1793 401 1856 δὲ
425 1788 516 1854 ἀλλον
542 1792 592 1855 διά
615 1796 668 1856 τοῦ
693 1803 732 1856 Α.
756 1793 811 1858 sed
834 1792 992 1858 sublestae
1015 1792 1187 1857 admodum
1210 1789 1282 1856 fidei
1301 1803 1350 1857 est
1367 1799 1399 1856 et
1419 1794 1514 1858 testis

321 1902 353 1964 et
383 1899 616 1964 testimonium.
661 1897 759 1962 Peius
791 1903 838 1962 est
861 1901 960 1963 etiam
983 1897 1067 1982 quod
1090 1901 1124 1962 in
1146 1897 1258 1963 eodem
1283 1895 1398 1963 Oodioe
1421 1897 1514 1963 addi·

320 2010 389 2070 tur:
415 2006 440 2069 si
465 2011 560 2069 ΜΕΝ
579 2003 647 2068 ἀντὶ
668 2008 721 2069 τοῦ
753 2002 962 2082 ἀπέβαινε
995 2010 1210 2084 παρατατιιιοῦ
1233 2004 1283 2069 διὰ
1315 2007 1368 2067 τού
1388 2013 1417 2070 Α
1438 2027 1519 2084 γρα-

320 2111 411 2176 πτέον
441 2111 694 2189 ἀπεβήσατο.
726 2107 818 2182 οὕτως
850 2110 1093 2190 Ἐπαφρσδιτος,
1119 2112 1210 2175 cuius
1233 2112 1423 2175 sententiam
1446 2111 1513 2196 pri·

321 2238 412 2284 mum
439 2215 550 2301 supple
574 2221 607 2280 et
630 2216 764 2281 emenda
784 2219 818 2280 in
840 2216 925 2282 hunc
948 2218 1080 2283 modum
1106 2217 1156 2280 διδ
1179 2221 1232 2280 τοῦ
1257 2216 1296 2302 (Ε
1319 2215 1512 2302 γραπτέον),

321 2325 347 2388 εἰ
373 2331 430 2388 ΔΕ
455 2322 523 2386 ἀντὶ
548 2327 600 2386 τοῦ
625 2321 761 2396 ἀπέβη
786 2323 904 2402 ἀσρθςσο
925 2323 976 2388 δισδ
997 2325 1064 2408 τοῦ)
1089 2334 1116 2388 A
1144 2322 1405 2400 ἀπεβήσατο.
1451 2325 1514 2388 Ar·

320 2431 432 2517 gutiae
461 2428 521 2493 bae
552 2431 627 2492 sunt
660 2431 692 2494 et
722 2430 985 2507 contemnendae,
1018 2429 1073 2494 sed
1099 2428 1270 2494 ostendunt
1291 2428 1452 2512 duplicem
1477 2431 1515 2494 in

320 2534 440 2600 talibus
470 2536 660 2618 scripturam
692 2535 898 2599 circumferri.
945 2531 1069 2600 Certior
1098 2539 1147 2599 est
1173 2533 1250 2599 fides
1274 2533 1386 2599 scholii
1409 2534 1448 2598 ad
1470 2545 1510 2600 K.

323 2639 396 2705 513.
431 2640 681 2718 ἐπιβήσεται
714 2637 807 2712 οὕτως
838 2640 1043 2721 Ἀρθςαρχος,
1072 2637 1162 2704 ἀλλον
1194 2640 1225 2704 δὲ
1257 2639 1510 2717 ἐπεβήσατο.

320 2745 384 2814 Sed
426 2746 632 2813 vehementer
673 2745 785 2812 dubito
820 2746 859 2810 de
893 2748 950 2823 iis,
987 2767 1067 2831 quaa
1100 2746 1254 2833 leguntur
1288 2747 1328 2811 ad
1362 2755 1393 2811 Γ.
1431 2745 1513 2812 262.

318 2853 489 2932 βήσετσε
522 2853 667 2932 προκρίνει
699 2853 755 2927 μὲν
786 2855 840 2928 τήν
863 2852 913 2917 διά
937 2857 991 2916 τοῦ
1018 2861 1042 2916 e
1065 2855 1191 2932 γραφήν
1223 2851 1393 2929 βήσετο,
1428 2852 1513 2926 πλήν

320 2961 352 3024 ού
377 2958 578 3036 μετατίθησιν
602 2957 690 3023 ἀλλὰ
714 2957 764 3022 διθι
789 2963 842 3023 τού
868 2970 895 3023 Λ
919 2959 1037 3039 ρράφει
1062 2959 1256 3040 ’Λρθςαρχοα

366 3061 470 3143 Quid?
504 3083 542 3128 an
576 3064 778 3129 Aristarchus
811 3064 981 3130 lectionem
1015 3063 1184 3130 manifesto
1219 3065 1406 3140 barbaram,
1447 3085 1514 3131 non

320 3172 428 3237 minus
452 3189 548 3254 quam
568 3169 696 3234 δύσαντο
718 3174 750 3236 et
771 3167 904 3247 ἀξαντο,
928 3173 1061 3235 retinuit
1080 3192 1180 3256 quum
1200 3191 1308 3235 veram
1328 3177 1360 3235 et
1379 3171 1514 3255 probam

321 3277 372 3342 διδ
403 3279 457 3340 τοῦ
493 3283 517 3340 Ε
547 3275 677 3341 haberet
707 3276 746 3341 ob
778 3274 903 3342 oculos?
950 3273 1026 3342 Oras
1058 3277 1203 3359 credam,
1224 3277 1278 3341 sed
1301 3276 1395 3341 hodie
1418 3277 1514 3344 nihil.

320 3383 472 3448 Potuitne
503 3381 724 3446 Aristarchum
756 3381 866 3468 t'ugere
898 3381 1045 3470 analogia
1076 3387 1144 3447 tam
1174 3386 1282 3467 aperta
1307 3403 1342 3447 ac
1364 3382 1515 3467 frequens

320 3493 355 3556 in
386 3488 493 3553 δύσετο
516 3487 542 3551 δ’
567 3488 682 3561 atrior,
707 3487 890 3564 ἀνεδύσετο,
917 3489 1122 3563 κατεδύσετο,
1150 3487 1316 3553 ὑπεδύσετο
1340 3495 1373 3553 et
1395 3489 1510 3566 βήσεο,

322 3595 520 3672 ἀπεβήσετο,
554 3577 739 3670 ἐπεβήσετο,
768 3592 982 3671 κατεβήσετο,
1009 3601 1041 3659 et
1065 3593 1193 3673 ἄξοντο,
1219 3593 1348 3671 ἀξεσθε,
1369 3599 1402 3660 et
1424 3594 1513 3674 λέξεο

321 3709 358 3784 (I.
385 3698 474 3788 617.)
500 3704 532 3765 et
554 3698 655 3777 ὄρσεο,
680 3698 764 3778 ὄρσεο
791 3706 837 3780 (Γ.
863 3699 940 3765 250.
966 3699 1064 3780 θρσεο,
1091 3700 1358 3778 Λαομεδοντιάδη,
1384 3706 1416 3764 et
1444 3720 1513 3765 sac-

320 3811 393 3894 pius
416 3803 521 3891 aiibi)?
544 3805 684 3890 Imponit
701 3808 820 3871 iterum
839 3807 930 3871 nobis
946 3809 1049 3872 nescio
1070 3809 1160 3872 ouius
1180 3803 1392 3873 Grammatiai
1411 3827 1512 3891 error,

322 3934 425 4000 aquo
448 3933 615 3979 caveamus
640 3933 756 3978 censeo.

366 4019 461 4087 Latet
491 4019 593 4084 adbuc
625 4020 710 4104 apud
734 4018 913 4084 Homerum
938 4039 1001 4084 una
1024 4024 1056 4083 et
1079 4019 1178 4084 altera
1201 4019 1304 4084 forma
1325 4017 1409 4094 illis,
1433 4037 1515 4102 quas

321 4127 553 4212 enarravimus,
586 4124 711 4189 similis.
760 4121 931 4190 Considera
961 4125 1044 4190 mihi
1074 4127 1216 4209 primum
1249 4124 1420 4212 diligenter
1453 4123 1514 4189 hoa

321 4233 399 4300 duos
422 4219 539 4296 Podtaa
562 4230 657 4296 locos.
704 4229 796 4295 Iliad.
824 4239 869 4295 Ω.
896 4229 972 4297 357.

410 4336 539 4418 ὄψεσθε,
563 4343 664 4417 Τρῶες
689 4335 741 4400 καὶ
767 4336 925 4416 Τρῳάδες,
949 4335 1071 4417 Ἕκτορ’
1099 4338 1213 4410 Ξθντες,

411 4441 513 4510 εἴποτε
537 4442 589 4508 καὶ
614 4441 716 4524 ζάοιτι
740 4441 850 4522 ραάχης
875 4443 910 4508 ἐκ
935 4444 1097 4520 νσςήσαντι
