3356 5086
750 355 817 426 288

189 547 368 618 Homerum
401 555 449 616 est
478 547 566 620 δεδοῖο
599 563 655 614 aut
686 547 835 625 δοδοῖοθοε,
866 552 905 612 ut
934 546 1087 625 τεθεῖοθοε,
1112 545 1253 628 ῖξεεοθεο,
1278 545 1375 618 oleta.

236 655 271 720 Iu
294 658 390 721 tertie
412 653 571 719 Homerus
595 653 772 718 111δεδωοε
796 655 886 738 ponit
909 657 965 718 sut
988 653 1069 718 δεδεῖ.

238 759 390 846 Reliquae
420 760 540 826 formes
570 779 679 824 omncs
711 765 784 822 sunt
814 762 867 821 τοῦ
899 763 1023 838 scenici
1053 757 1215 836 κόμματος
1247 767 1303 827 sut
1337 783 1376 827 ex

192 869 366 932 scribarum
389 867 530 932 socordia
553 871 607 930 sut
631 885 669 930 er
692 865 976 951 grammaticorum
1000 887 1102 932 errore
1125 873 1308 954 prognatae.

238 972 412 1038 Barbarum
437 979 485 1036 cst
508 969 607 1050 dein,
632 967 682 1044 ῖη,
708 970 811 1048 προΐῃ.
831 969 930 1045 μεθίει.
966 969 1104 1037 Barbare
1123 987 1197 1037 suut
1215 974 1299 1046 eisin:
1319 992 1376 1057 pro

193 1079 300 1153 ἆεεεῖς,
320 1079 427 1153 μεθίεις
448 1097 504 1160 pro
527 1079 659 1150 μεθεεῖς,
685 1083 718 1140 ei
740 1077 807 1148 elain
833 1095 889 1160 pro
911 1077 998 1140 οὶνθεε.
1033 1077 1172 1142 Barbara
1194 1083 1268 1143 sunt
1292 1077 1374 1142 ἓδῖδοο

193 1189 227 1250 et
259 1183 328 1248 δῖδεε
363 1190 395 1248 et
431 1182 558 1248 δίδοοθοο
591 1202 646 1266 pro
677 1181 817 1247 δεδοῖοθοι.
865 1181 953 1247 Libri
984 1188 1022 1248 ut
1049 1183 1226 1267 plurimum
1250 1188 1377 1248 servant

192 1291 366 1373 scripturas
394 1293 516 1354 veteres
545 1295 577 1352 et
607 1287 806 1365 emendatas,
837 1288 952 1372 quibus
983 1285 1148 1354 Beklrerus
1179 1289 1310 1355 vitiosus
1345 1293 1377 1354 et

193 1396 432 1460 commenticios
446 1394 494 1458 de
517 1413 574 1458 suo
597 1395 771 1479 supposuit.

238 1498 275 1564 lu
303 1501 505 1584 imperativis
533 1498 697 1564 Behkerus
726 1501 831 1564 nescio
861 1499 1019 1583 quomodo
1049 1498 1097 1564 nil
1125 1501 1278 1585 peccavit.
1302 1501 1377 1564 rides

192 1608 351 1672 intactum
373 1604 503 1689 reliquit
525 1617 563 1668 Α.
590 1602 666 1670 509.
693 1611 724 1671 at
747 1605 810 1684 πθο
830 1604 859 1668 δὲ
880 1605 954 1669 vider
974 1610 1012 1684 Φ.
1035 1602 1109 1670 177.
1131 1610 1163 1670 et
1184 1603 1219 1670 θεε
1241 1614 1275 1670 Φ.
1300 1602 1376 1670 338.

193 1717 226 1775 et
244 1709 337 1783 Εεεεῖεε
358 1734 389 1774 οε.
411 1708 488 1776 271.
508 1734 532 1774 ο.
553 1708 630 1775 391.
650 1733 677 1774 τ.
702 1707 778 1776 378.
801 1716 833 1775 et
853 1710 931 1774 δίδου
944 1735 976 1789 γ.
992 1709 1046 1776 58.
1071 1709 1374 1789 111111111γῶ80.

329 1816 417 1880 cinaei
441 1815 565 1881 rivecr’
588 1813 684 1894 ῖοοεθε,
719 1816 852 1882 δῖδωθε
884 1816 916 1882 δέ
938 1839 989 1894 μοε
1014 1815 1101 1888 κλέος
1126 1815 1239 1882 ἐσθλόν.

193 1923 231 1984 ut
250 1919 459 1995 ῖειπῖμπλεεθε.

239 2025 404 2094 Rekkcrus
434 2029 461 2094 si
492 2026 554 2092 sibi
586 2033 726 2094 constsre
756 2027 908 2094 voluisset
936 2028 1051 2112 quibus
1074 2027 1112 2092 de
1135 2030 1239 2094 censis
1261 2028 1379 2096 formos

195 2131 295 2210 ἐτίθη,
328 2135 414 2209 τίθη,
447 2133 549 2211 sors,
581 2135 684 2210 μεθίει,
710 2134 815 2208 retes,
839 2133 908 2198 δι’δω
931 2135 1066 2218 potiores
1089 2153 1156 2198 esse
1179 2136 1379 2201 existimavit

194 2239 309 2306 iisdem
332 2241 420 2313 τίθη,
445 2237 617 2314 111111..
642 2240 711 2309 δίδω
736 2240 877 2326 vulgetis
897 2245 1084 2323 anteponere
1104 2237 1273 2306 debuisset.
1319 2239 1380 2307 Bo·

194 2365 274 2408 uum
296 2345 415 2410 sactum
441 2345 524 2429 quod
546 2365 678 2410 menum
704 2345 868 2410 abstinuit.

241 2449 363 2515 Tertiae
394 2471 517 2535 quoquo
539 2450 711 2535 praesentis
733 2471 880 2534 personui
902 2454 1027 2514 mutare
1049 2468 1112 2513 nou
1134 2451 1241 2534 potuit
1263 2456 1296 2514 ot
1318 2471 1380 2516 ser·

195 2558 285 2620 vovit
305 2565 340 2620 K.
366 2555 439 2620 121.
459 2557 566 2632 μεθεεῖ.
588 2564 629 2620 Ν.
653 2552 888 2623 731.τεθεῖ.ει.
916 2554 991 2622 192.
1017 2558 1169 2633 ποιοτεθεῖ,
1195 2553 1249 2620 sed
1272 2576 1310 2621 ua
1334 2558 1380 2622 sie

195 2662 323 2745 quidem
349 2664 490 2747 pepercit
511 2661 656 2726 secundis
680 2670 716 2726 E.
740 2659 807 2725 880
842 2662 947 2731 doceis.
972 2671 1006 2726 Z.
1033 2658 1379 2738 1231113711.-

195 2769 280 2843 erere,
306 2773 338 2832 et
360 2769 394 2830 in
416 2767 601 2852 imperfecto
627 2776 663 2830 Ο.
689 2766 743 2834 24.
768 2765 954 2836 11Θ.358.
975 2767 1051 2831 elvier
1073 2775 1112 2831 Ο.
1136 2763 1379 2842 7161111111

195 2875 313 2956 passim
344 2871 452 2951 οῖφθεε,
485 2873 595 2952 sepcies,
621 2873 705 2938 οθθεε.
729 2875 802 2937 sim.
849 2872 987 2948 Τῖθηοθοο
1011 2871 1098 2937 dedit
1120 2891 1176 2957 pro
1200 2871 1334 2936 τεθεῖσθοο
1357 2896 1377 2937 ε.

198 2974 274 3042 404.
297 2983 329 3042 et
353 3003 385 3044 ο).
413 2977 489 3045 476.

157 3083 160 3096 ’
243 3083 343 3154 Δεδεῖς
374 3084 539 3152 emendate
568 3085 690 3173 legitur
720 3094 743 3152 1.
780 3084 856 3150 164.
883 3090 914 3150 ot
937 3085 1012 3150 δεδοῖ
1032 3109 1057 3164 ο.
1084 3083 1159 3149 850.
1184 3083 1238 3150 sed
1260 3086 1381 3168 passim

197 3189 292 3254 ἔδιδον
316 3195 349 3256 et
371 3191 450 3254 δίδου
474 3194 626 3275 pervertit
644 3193 678 3256 iu
698 3191 781 3256 ἔδῖδω
802 3198 834 3256 et
854 3190 939 3268 δι’δω,
960 3197 992 3256 et
1010 3211 1067 3276 pro
1087 3190 1220 3257 δεδοῖοθοο
1240 3199 1281 3255 Τ.
1301 3186 1379 3256 270.

198 3315 361 3380 perperam
387 3295 516 3360 δίδωοθοε
539 3298 714 3383 supposuit.

243 3400 280 3466 11
298 3400 542 3466 Atheniensium
562 3401 669 3485 libris,
690 3407 727 3468 ul·
746 3408 778 3468 et
796 3405 830 3466 in
848 3400 1006 3488 plerisque
1025 3401 1236 3487 reliquorum,
1260 3402 1382 3486 peccori

196 3505 276 3572 solet
296 3509 329 3572 iu
350 3506 494 3574 secundis
506 3511 678 3593 proesentis
690 3511 842 3593 temporis
855 3510 1008 3593 personis,
1021 3508 1078 3571 ubi
1091 3545 1132 3556 -
1148 3516 1212 3572 ele
1225 3510 1259 3572 in
1271 3508 1381 3592 vileir,

197 3615 320 3692 εῖφεεῖς,
336 3609 444 3686 ξυνιεῖς
458 3622 515 3678 cet.
530 3616 564 3678 iu
577 3651 618 3662 -
634 3623 686 3680 Hc
698 3617 853 3680 sexcentis
864 3613 943 3680 locis
953 3613 1037 3678 mule
1049 3633 1235 3680 conversum
1248 3611 1381 3678 videbis.

244 3715 337 3784 Certo
355 3719 474 3784 iudicio
491 3720 571 3784 hanc
590 3719 733 3785 fraudem
757 3719 939 3804 deprensam
965 3725 1111 3784 tenemus
1133 3722 1167 3784 iu
1190 3714 1383 3783 Castoriouis

199 3821 337 3893 Solensis
358 3824 515 3890 versiculo
538 3825 622 3910 apud
644 3824 844 3890 Athenaeum
868 3846 941 3913 pag.
967 3823 1042 3890 454.
1068 3843 1097 3889 s.

424 3932 586 4007 uouendas
610 3933 658 4006 θὶεο
684 3930 854 4012 κορθχυτοε
877 3923 907 4000 de
931 3928 1076 4007 aelnryu’
1100 3927 1180 3995 l'HC.

199 4043 292 4123 poeto
325 4038 493 4121 scripserat
525 4037 604 4102 ieie
634 4039 705 4112 ἱεῖς,
737 4057 875 4121 nemque
903 4035 1059 4102 laborioso
1088 4033 1220 4100 artificio
1255 4035 1384 4101 dederet

200 4143 296 4210 humo
326 4162 467 4227 operum,
501 4149 582 4208 teste
604 4142 783 4225 Athenaeo,
808 4148 845 4208 ut
867 4141 1012 4229 singulus
1036 4141 1180 4226 dipodius
1204 4147 1307 4206 esseut
1329 4164 1384 4205 cna

201 4249 292 4315 decim
314 4247 513 4332 litterarum,
538 4247 840 4325 iterumiterum.
886 4247 923 4316 lu
945 4250 1076 4314 caeteris
1098 4248 1248 4314 omnibus
1273 4268 1384 4316 nume-

201 4375 255 4425 rus
276 4354 476 4442 syllabarum
497 4359 620 4423 ousae
642 4353 699 4420 sed
721 4355 756 4420 iu

675 4457 820 4539 μεθλεγεθ
843 4455 901 4537 let.
