3296 5104
714 357 756 428 19

127 551 216 632 εθπερ
239 549 336 630 ποτέ,
361 550 389 614 ri
412 571 547 635 umquam
570 557 675 628 autea,
699 554 874 619 necessario
898 551 937 618 ad
962 555 976 620 θ
1000 554 1103 630 παρὼν
1126 551 1227 632 ααιρθς
1250 552 1330 622 refe·

126 658 282 736 rendum,
306 659 362 743 qui
384 679 541 742 numquam
565 663 653 720 autea
676 657 749 724 fuit.
797 657 905 724 Sensit
923 659 957 723 id
975 655 1158 725 Diudorfius
1175 664 1206 723 et
1226 659 1331 744 „acqui

127 765 249 828 debebat
282 762 413 850 (inquit)
444 762 473 825 si
503 763 673 826 accuratim
704 765 786 850 loqui
816 767 904 830 vellet
936 766 1021 844 εἴπερ
1050 789 1097 836 τις
1120 765 1172 828 καὶ
1198 763 1327 838 ἄλλος.”

127 872 219 954 qussi
248 893 308 934 acu
337 869 412 933 ratic
442 875 579 932 οουιοσθο
609 870 691 954 loqui
721 877 803 937 esset
830 873 939 956 inepta
963 875 996 936 et
1019 871 1154 936 absurda
1178 879 1210 936 et
1233 889 1327 936 sensu

127 995 229 1040 vacua
258 976 372 1041 dicere.
421 971 522 1040 Credo
551 975 705 1046 mendum
736 977 862 1042 subesse
894 981 927 1041 st
958 975 1045 1041 facili
1076 978 1207 1063 negotio
1231 977 1326 1042 corri-

127 1081 269 1168 gendum
292 1099 377 1146 esse:
403 1079 486 1160 εθτερ
510 1089 581 1145 TIC
605 1105 694 1148 ποτε.

174 1291 265 1372 Quod
287 1292 517 1360 Demosthenes
540 1315 613 1382 pag.
640 1293 692 1360 30.
718 1294 749 1360 6.
774 1299 889 1362 acriter
911 1301 943 1362 et
963 1293 1180 1384 significanter
1199 1295 1323 1361 dixerat

128 1402 292 1466 enervavit
323 1407 355 1465 et
384 1400 482 1488 fregit
511 1401 669 1488 adscripta
698 1402 789 1468 scioli
820 1400 1089 1468 annotatiuncula.
1136 1401 1322 1467 Describam

127 1503 235 1569 locum
266 1511 304 1570 ut
334 1507 417 1570 mihi
448 1507 488 1572 ab
520 1506 650 1572 Oratore
672 1508 832 1594 proiectus
856 1529 921 1574 esse
945 1507 1090 1574 videtur:
1116 1509 1140 1570 si
1163 1507 1226 1586 γὰρ
1250 1506 1322 1571 τότε

127 1611 227 1674 ἐκεῖσε
258 1611 471 1688 ἐβοηθήσαμεν
494 1610 592 1692 ὥσπερ
618 1613 843 1695 ἐψηφισάμεθα
868 1614 1024 1694 προθύμως
1048 1614 1102 1676 οὐκ
1126 1611 1164 1677 θον
1189 1613 1320 1692 ἠνώχλει

128 1721 179 1780 νῦν
210 1719 282 1795 ἡμῖν
313 1718 327 1782 θ
352 1720 517 1790 Φθλιπποι.
565 1717 602 1784 In
624 1719 716 1785 libris
739 1721 857 1807 duplex
880 1718 1083 1806 interpolatio
1107 1719 1262 1782 cernitur:
1287 1717 1322 1780 in

127 1821 287 1909 plerisque
319 1824 449 1890 additur
478 1825 549 1890 πθτε
579 1827 701 1904 συθείς,
726 1829 761 1891 in
784 1825 807 1892 S
832 1827 935 1899 σωθείς
958 1830 1095 1892 tautum.
1142 1821 1230 1888 Haec
1252 1825 1322 1909 ipsa

126 1928 295 1994 diversitas
317 1933 531 2016 suspicionem
554 1931 674 1996 fraudis
698 1937 817 1998 movet.
865 1932 949 2013 Quid
972 1930 1056 2016 apud
1079 1931 1224 1995 animum
1245 1925 1320 2012 Ora-

126 2041 176 2098 tor
214 2036 423 2122 oogitaverit,
461 2037 539 2122 quid
569 2040 655 2105 cives
683 2041 717 2102 in
747 2041 895 2104 concione
925 2041 1177 2123 suspicarentur,
1209 2033 1322 2120 colligi

127 2145 232 2223 potest
256 2160 296 2205 ex
318 2161 392 2228 pag.
418 2139 494 2206 656.
519 2141 573 2208 22.
601 2141 639 2228 (ci
663 2144 827 2224 Ὀλύνθιοι)
852 2146 954 2220 ὑμᾶς,
979 2137 1027 2212 οὓς
1052 2139 1154 2205 ἴσασιν
1174 2136 1321 2202 audurae

125 2245 286 2324 ἀνθρώπων
319 2244 396 2321 ἥδις’
429 2247 468 2312 θον
500 2249 551 2311 καὶ
581 2250 651 2320 τοὺς
683 2251 795 2314 ἐκείνου
820 2248 989 2335 (Philippi)
1014 2247 1125 2326 φθλους
1150 2244 1203 2309 καὶ
1228 2244 1321 2309 αὐτὸν

125 2351 176 2415 τὸν
210 2353 364 2418 Φίλιππον
388 2355 794 2432 ἈΠΟΚΤΕΙΝΑΝΤΛΟ,
818 2358 928 2435 pliona
953 2355 1156 2428 πεποίηνται,
1181 2350 1263 2432 φασὶ
1288 2348 1319 2414 δὲ

125 2457 177 2521 uui
202 2459 393 2538 συμμάχους
414 2461 602 2534 ποιήσεσθαι.
642 2461 723 2528 'Pam
744 2461 869 2527 aeribus
889 2461 971 2526 odiis
991 2461 1117 2524 hostem
1129 2455 1319 2542 Philippum

125 2565 394 2649 persequebantur
416 2571 454 2631 ut
478 2587 554 2630 eum
577 2567 802 2634 lubentissime
825 2566 1021 2652 irrtcrfccturi
1046 2585 1113 2630 esee
1137 2563 1317 2628 dicerentur

125 2667 236 2754 ltaque
254 2669 483 2737 Demosthenes
503 2693 602 2757 quum
624 2673 765 2738 hominis
776 2671 977 2758 opprimendi
989 2671 1184 2736 occasionem
1197 2669 1318 2732 civium

125 2776 267 2841 socordia
297 2779 449 2842 amissam
481 2799 547 2844 esse
578 2785 762 2864 quereretur
786 2787 818 2843 et
840 2777 939 2844 vellet
963 2777 1066 2842 dicere
1089 2774 1318 2848 ἀπεκτείναμεν

126 2879 164 2944 ἂν
193 2882 245 2946 τὸν
277 2885 448 2960 Φίλιππον,
480 2883 597 2949 meluit
629 2883 837 2964 εὐφημότερον
868 2885 956 2950 idem
987 2879 1165 2970 significare
1193 2877 1317 2944 verbis:

124 2988 178 3050 οὐκ
202 2987 240 3052 θον
264 2991 396 3069 ἠνώχλει
421 2995 471 3055 νῦν
494 2993 566 3068 ἡμῖν
587 2991 600 3054 θ
622 2991 786 3062 Φίλιππος.
822 2988 929 3055 Facile
949 2994 997 3054 est
1016 2987 1056 3052 ad
1070 2985 1319 3072 intelligendum

125 3093 159 3157 iu
187 3093 410 3160 huiuscemodi
441 3099 597 3162 sententia
625 3116 726 3182 neque
757 3096 859 3166 σοθεθς
884 3115 986 3179 usque
1008 3092 1080 3158 τότε
1104 3093 1206 3163 aubrie
1231 3111 1317 3156 com·

126 3198 219 3264 mode
242 3199 316 3264 addi
338 3221 438 3286 posse.

168 3410 249 3499 Peg.
275 3410 328 3478 31.
355 3412 407 3478 12.
434 3413 518 3501 (τοὺς
541 3413 660 3502 νόμους)
683 3416 753 3490 τοὺς
774 3417 816 3487 εἷς
836 3414 871 3480 τὸ
891 3415 986 3495 παρὸν
1006 3412 1212 3492 βλάπτοντας
1234 3412 1316 3489 ὑμᾶς

126 3519 255 3582 λύσατε.
287 3520 372 3597 λέγω
404 3521 435 3585 δέ
467 3522 536 3594 τοὺς
563 3523 628 3600 περὶ
654 3513 713 3586 τῶν
736 3524 877 3600 θεωρικῶν
902 3522 1011 3600 σαφῶς
1036 3519 1144 3584 οὑτωσὶ
1170 3517 1221 3581 καὶ
1246 3516 1317 3589 τοὺς

126 3625 190 3704 περὶ
215 3631 273 3689 τῶν
296 3626 524 3704 πομπευομένων
550 3627 660 3704 ε’νιόυς,
687 3624 725 3692 ὧν
751 3628 775 3691 oi
801 3627 858 3704 μέν
881 3627 923 3692 rab
947 3625 1135 3706 τρατιωτικοδ
1159 3630 1221 3696 τοῖς
1246 3621 1317 3701 circat

127 3728 246 3806 μένουσι
290 3730 479 3809 διανέμουσιν
516 3735 686 3818 [θεορικοὶ],
723 3736 749 3798 ol
785 3734 816 3797 δέ
849 3733 919 3806 τοὺς
956 3733 1171 3802 ἀτακτοῦντας
1206 3727 1318 3810 ἀθῴους

126 3839 295 3905 nacarat.
342 3837 531 3925 Discrepant
561 3839 652 3918 libri,
679 3839 896 3924 quorumalii
919 3837 1093 3916 διανέμουσι
1118 3835 1241 3913 θεωρικά
1265 3855 1317 3899 ex-

126 3942 251 4021 hibent,
281 3942 339 4008 alii
371 3943 560 4024 διανέμουσιν
591 3948 630 4017 ὥς
660 3947 805 4026 θευριιιοὶ,
832 3947 947 4012 vitiose
970 3951 1152 4029 utrumque.
1200 3938 1317 4005 Omnia

126 4055 197 4113 shut
227 4051 261 4113 in
291 4049 398 4114 verbis
425 4050 468 4115 τοὶ
497 4051 686 4131 aperturae
717 4061 780 4124 τοῖς
805 4052 877 4116 οἴκοι
900 4051 1022 4130 μένουσι
1046 4050 1257 4126 διανέμουσιν,
1282 4045 1315 4110 id

125 4161 170 4220 cst
191 4155 260 4220 ἀντὶ
286 4163 489 4234 ςρατιιοτικῶν
514 4159 639 4238 θεωρικὰ
663 4163 805 4223 ποιοῦσιν.

167 4367 288 4434 Vitiose
319 4369 460 4434 abundat
489 4369 682 4436 vocabulum
705 4373 739 4434 iu
761 4371 867 4438 verbis
891 4391 964 4457 pag.
989 4367 1042 4432 32.
1070 4369 1099 4433 1.
1125 4368 1156 4431 οὐ
1182 4363 1244 4445 γάρ
1269 4366 1314 4433 ε’ςι

124 4469 234 4539 δίκαιον
264 4475 321 4548 την
350 4475 409 4550 μέν
436 4475 546 4555 χάριν,
581 4466 598 4547 θη
631 4481 737 4542 πᾶσαν
769 4475 915 4556 ἔβλαπτε
939 4477 993 4550 την
1018 4475 1128 4550 πόλιν,
1154 4481 1216 4543 τοῖς
1241 4470 1312 4534 τότε
