3296 5104
710 350 752 421 59

121 531 189 604 lex
237 545 305 606 erat
353 540 490 606 Eubuli:
539 541 592 609 έάν
637 568 683 616 τιε
730 543 841 627 γράψῃ
884 545 928 612 τά
972 543 1097 626 θεωρικά
1143 539 1329 624 spartanae

123 653 237 710 ποιεῖν
260 646 389 721 θάνατος
414 649 431 722 ἡ
456 646 566 729 (nnis.
613 649 725 736 Itaque
746 652 851 718 verbis
874 654 1059 718 cautissime
1083 651 1241 734 conceptis
1261 667 1330 714 een-

125 753 206 816 suit
237 753 315 831 μίαν
346 753 492 832 σύνταξιν
523 756 584 823 δεῖν
617 752 694 822 εἶναι
726 757 780 831 τὴν
813 759 910 833 αὐτὴν
938 761 991 822 τοῦ
1015 781 1051 822 τε
1073 755 1252 833 λαμβάνειν
1277 752 1329 818 καὶ

125 861 192 922 τοῦ
218 867 314 924 ποιεῖν
336 861 379 925 τά
402 859 524 937 δέοντα,
552 871 583 928 et
608 862 681 930 aliis
701 864 806 931 verbis
825 866 1036 944 συνταχθῆναι
1055 861 1117 928 δεῖν
1137 859 1173 926 τθ
1191 885 1227 926 τε
1246 875 1330 939 λαμ-

127 963 249 1042 βάνειν
273 965 325 1030 καῖ
349 967 385 1033 τὸ
408 969 452 1032 τά
476 968 581 1036 δέοντα
605 977 711 1036 ποιεῖν.
757 968 843 1035 Hine
863 972 1018 1056 impostor
1033 973 1139 1035 noster
1157 987 1232 1056 pag.
1254 963 1329 1031 168.

130 1068 195 1136 21.
229 1071 313 1154 φημὶ
345 1072 406 1139 δεῖν
440 1075 522 1150 ὑμᾶς
553 1075 765 1155 συντετάχθαι
797 1075 850 1140 καὶ
882 1077 937 1149 τὴν
960 1076 1057 1172 αὐτὴν
1080 1078 1133 1138 τοῦ
1158 1097 1192 1138 τε
1217 1074 1331 1151 λαβεῖν

130 1176 191 1240 καὶ
217 1181 272 1242 τοῦ
296 1185 391 1243 ποιεῖν
414 1173 436 1243 ά
462 1181 601 1261 προσήκει
629 1188 845 1248 ΟΤΝΤΛΞΙΝ
871 1178 958 1248 εἶναι.
1004 1180 1115 1247 Viden'
1135 1198 1201 1246 esse
1221 1175 1332 1242 eadem

132 1279 206 1348 fero
237 1283 401 1362 αθτολεξεῖ
413 1333 421 1360 ,
453 1306 534 1372 quae
559 1289 594 1352 in
622 1287 798 1379 Olynthium
821 1288 904 1354 dixit
926 1281 1176 1354 Demosthenes?
1221 1281 1332 1367 Itaque

134 1387 227 1472 quod
261 1389 369 1455 addit:
400 1390 558 1471 διελέχθην
589 1392 615 1458 δ’
640 1394 711 1472 ὑμῖν
734 1394 801 1474 περὶ
825 1393 939 1484 τούτοιν
960 1395 1012 1460 καῖ
1037 1394 1195 1472 πρότερον,
1221 1388 1331 1454 eodem

136 1499 285 1579 spectare
307 1497 515 1562 manifestum
540 1503 597 1564 est.
637 1499 776 1565 Minime
794 1499 964 1566 obscurum
984 1505 1033 1567 est
1054 1499 1131 1585 quid
1148 1497 1211 1562 sibi
1228 1493 1333 1560 velint

137 1597 203 1665 hae
233 1600 386 1687 ambages
414 1603 491 1679 μίαν
523 1601 669 1681 σύνταξιν
701 1600 777 1670 εἶναι
809 1605 864 1678 τὴν
894 1605 991 1680 αὐτὴν
1016 1597 1332 1678 retransmittens

138 1707 195 1770 καὶ
227 1711 282 1772 τοῦ
315 1715 411 1774 ποιεῖν
434 1709 477 1774 τά
502 1709 620 1775 δέοντα.
668 1709 841 1796 Perplexae
865 1714 951 1778 euim
973 1714 1125 1778 orationis
1147 1708 1200 1773 hio
1223 1725 1332 1772 sensus

140 1818 207 1879 est:
235 1816 269 1880 σθ
294 1813 343 1880 δεῖ
362 1815 541 1895 λαμβάνειν
565 1816 635 1888 τοὺς
659 1816 741 1882 οὐδέν
764 1822 944 1896 ποιεῦντας,
969 1821 1077 1903 itaque
1099 1813 1269 1882 malesanis
1293 1831 1332 1876 ex

140 1922 262 1986 aerario
291 1919 518 2008 largitionibus
549 1921 645 1988 tinem
676 1925 799 2008 imponi
827 1928 979 2009 oportere.
1026 1921 1237 1988 Militandnm
1264 1939 1332 1984 esse

141 2025 321 2092 iunioribus
352 2033 429 2107 (τοῖς
454 2030 484 2093 ἕν
509 2031 644 2112 ἡλικία),
667 2027 843 2095 senioribus
867 2027 941 2116 (τοῖς
967 2029 1039 2108 ὑπὲρ
1063 2028 1114 2093 τθν
1138 2023 1329 2112 κατάλογον)

139 2150 269 2216 operam
298 2131 441 2218 aliquam
471 2136 549 2220 reip.
583 2155 650 2200 esse
673 2135 893 2219 praestandam
917 2136 969 2199 καῖ
994 2131 1086 2200 πάνθ’
1112 2130 1189 2208 ἕξειν
1213 2135 1329 2201 καλῶς.

138 2235 227 2303 Haeo
258 2243 309 2304 eat
338 2241 442 2326 igitur
472 2239 530 2306 illa
560 2238 723 2318 σύνταξις,
755 2240 839 2306 unde
869 2238 961 2307 fictae
983 2241 1119 2307 orationi
1140 2255 1258 2302 nomen
1280 2239 1329 2302 est

139 2343 292 2408 inditam.
349 2343 578 2414 Percurremus
618 2367 702 2412 nuno
745 2348 896 2412 orationis
937 2351 1063 2413 textum
1097 2343 1330 2410 mendosiorem

139 2450 244 2516 multo
276 2455 309 2516 et
337 2450 468 2518 insulsis
498 2452 725 2519 additamentis
753 2454 859 2540 magis
891 2454 1110 2539 inquinatum,
1136 2468 1233 2536 quam
1256 2449 1331 2513 sunt

139 2557 301 2643 reliquae,
326 2578 407 2643 quae
429 2556 653 2625 Demosthenis
673 2578 791 2624 nomen
814 2559 976 2624 mentiunt
1015 2603 1023 2622 .

184 2767 265 2856 Pag.
301 2767 377 2834 166.
411 2767 441 2834 3.
470 2768 621 2850 νθδέτερθν
644 2792 695 2848 μοι
719 2770 802 2835 δοκεῖ
821 2775 880 2836 τῶν
903 2775 1054 2849 χαλεπῶν
1077 2764 1152 2834 εἶναι
1176 2766 1242 2835 οὔτ’
1267 2766 1330 2832 ἐπι·

142 2875 322 2953 τιμήσαντα
346 2883 410 2948 τοῖς
434 2874 555 2954 νέμουσι
574 2875 628 2942 καὶ
648 2875 760 2942 διδοῦσι
779 2876 823 2942 τά
841 2876 926 2943 κοινά
945 2876 1144 2954 εθδοιιιμιῖσαι
1165 2874 1253 2954 παρὰ
1266 2881 1330 2947 τοῖς

143 2980 345 3060 βλάπτεσθαι
380 2981 432 3048 διά
464 2982 579 3048 τούτων
613 2981 792 3061 ἡγουμένοις
824 2985 878 3056 riv
910 2980 1017 3058 πάλιν,
1048 2981 1118 3047 οὔτε
1148 2979 1331 3046 συνειπθντα

144 3087 210 3174 [eat
245 3087 478 3170 παραινέσοντα
502 3091 540 3161 oie
565 3087 612 3154 δεῖ
634 3087 826 3174 λαμβάνειν]
850 3089 1042 3171 χαρίσασθαι
1066 3097 1128 3160 τοῖς
1153 3084 1274 3168 σφθδρα
1297 3087 1328 3155 έν

142 3195 235 3277 χρεία
266 3199 319 3258 τοῦ
352 3194 468 3271 λαβεῖν
497 3192 588 3261 οὖσιν.
636 3195 747 3281 Neque
777 3196 876 3274 νέμειν
905 3216 1006 3280 neque
1038 3191 1149 3259 διδάναι
1178 3194 1213 3257 in
1236 3211 1274 3258 ea
1297 3211 1331 3256 re

142 3305 226 3365 reete
259 3305 423 3385 ponuntur
456 3306 488 3366 et
521 3300 604 3366 nihil
636 3303 720 3367 inter
751 3306 924 3386 utrumque
958 3302 1098 3366 interest.
1145 3297 1333 3383 Requiritnr

141 3404 237 3472 lectio
272 3428 311 3472 ex
345 3413 480 3494 utroque
516 3407 666 3476 conflata:
703 3409 933 3486 ἐπιτιμήσαντα
964 3415 1027 3480 τοῖς
1060 3405 1257 3483 Δῐλνέμουσι
1289 3404 1332 3470 τά

143 3513 244 3588 ιιοινά,
277 3513 362 3580 unde
392 3517 599 3580 notissimum
629 3535 745 3580 nomen
774 3513 984 3601 largitionum
1006 3513 1152 3577 omnium
1174 3510 1330 3586 διανομαί.

143 3618 267 3685 Deinde
297 3641 444 3708 expunge
477 3620 530 3685 καὶ
562 3620 798 3702 παραινέσαντα
827 3621 866 3692 cie
898 3618 946 3682 δεῖ
969 3614 1166 3696 λαμβάνειν,
1190 3619 1333 3703 primum

144 3728 219 3811 quia
249 3727 355 3811 inepte
387 3732 420 3792 et
443 3725 542 3793 stulte
565 3726 728 3793 abundant
751 3731 822 3813 post
844 3723 1029 3792 συνειπόντα
1053 3731 1115 3795 τοῖς
1139 3721 1332 3800 διανέμουσι,

144 3831 257 3897 deinde
276 3833 352 3918 qnia
371 3853 445 3898 oum
465 3834 622 3899 sententia
637 3837 792 3921 pugnant.
827 3830 958 3898 Poterat
976 3830 1080 3896 dieere
1100 3828 1334 3909 repatriarem

145 3939 183 4011 ὥς
214 3938 263 4003 δεῖ
294 3946 497 4004 ΔΙΔΟΝΔΙτ
529 3960 645 4025 nempe
677 3940 702 4004 οῖ
733 3936 912 4017 λαμβάνειν
938 3934 1118 4020 βουλθμενοι
1141 3933 1224 3998 οὐδὲν
1246 3926 1333 4011 οἶμαι

146 4045 354 4123 παραινέσιος
384 4043 508 4110 ἐδέοντο.
554 4045 785 4132 interpretatus
815 4050 864 4110 est
894 4043 1011 4128 aliquis
1034 4039 1112 4126 quid
1136 4044 1217 4104 esset
1240 4061 1335 4104 συνει-

146 4153 265 4228 πόντα,
297 4153 389 4236 qnasi
411 4171 475 4216 non
496 4155 670 4218 sexcenties
693 4151 925 4232 συναγορεύειν,
950 4154 1097 4227 συνερεῖν,
1122 4155 1273 4211 συνειπεῖν
1297 4163 1334 4210 eo

146 4277 239 4324 sensu
268 4256 447 4345 legeretur:
472 4257 527 4322 sed
549 4258 735 4324 incredibile
758 4259 847 4324 diotu
873 4261 921 4322 est
943 4274 1040 4342 qnam
1062 4250 1199 4337 puerilia
1220 4256 1335 4318 traete·

146 4369 214 4430 rent
236 4361 307 4442 illi,
331 4365 386 4448 qni
410 4359 686 4450 Constantinopoli
708 4367 916 4429 monumenta
933 4361 1102 4428 literarum
1122 4367 1270 4426 veterum
1289 4357 1333 4430 le·

145 4470 264 4557 gabant
287 4473 321 4534 et
343 4469 540 4535 enarrabant.
