3356 5084
732 279 797 350 519

98 501 105 522 ·
172 467 362 538 Graecitatis
391 467 615 557 intelligentia.
675 471 712 538 si
746 472 864 540 dicitur
898 471 1046 556 τορίχειν
1081 474 1195 554 κυρίους
1230 475 1279 541 οίεί
1315 477 1356 556 τῷ

173 574 299 656 δεομένῳ
323 575 543 662 coniungenda
565 583 639 642 sunt
660 577 808 657 τιιρέχειι
831 579 896 658 οίεί,
920 581 1004 665 quod
1027 601 1101 644 cum
1120 579 1183 645 loci
1202 585 1358 647 sententia

171 702 231 746 non
254 681 398 767 quadrat.
446 679 536 760 Quod
560 688 668 748 autem
688 689 817 768 apparet
837 684 1002 752 Oratorem
1024 686 1140 750 dixisse
1159 685 1206 751 ita
1225 685 1356 752 demum

170 792 252 852 recte
283 787 405 852 dictum
436 787 498 852 erit
527 789 555 852 si
585 788 637 853 ιίεί
666 788 801 853 articulo
830 793 1035 874 postponatur
1065 789 1107 869 τῷ
1139 787 1187 854 οἱοί
1216 788 1354 871 δεομένῳ.

170 891 316 978 Imperiti
346 891 515 970 Graeculi,
548 896 624 978 quia
653 915 717 960 non
746 897 809 979 ipsi
839 897 886 959 ita
907 894 1134 979 loquebantur,
1158 899 1358 980 transponere

169 997 246 1062 haec
278 996 398 1075 solent,
432 998 487 1062 sed
520 1001 644 1064 nemini
676 1001 865 1085 imponunt,
897 1005 929 1064 et
961 1000 1080 1084 ubique
1107 999 1193 1065 fraus
1219 1001 1360 1086 perpluit

170 1105 270 1188 ipsius
294 1104 468 1168 sententiae
490 1103 618 1170 indicio.

217 1207 378 1274 Similiter
406 1229 481 1296 pag.
514 1207 591 1274 206.
624 1209 656 1274 2.
688 1230 786 1294 quum
811 1212 987 1276 rectissime
1012 1209 1190 1297 legeretur:
1215 1211 1266 1276 διὰ
1289 1211 1359 1284 τοὺς

171 1313 220 1378 risi
253 1323 447 1381 πλεονεκτεῖν
478 1315 683 1394 βουλομένους
713 1337 797 1381 nunc
828 1337 867 1382 ex
897 1312 1013 1380 Oodice
1036 1313 1060 1380 S
1082 1336 1229 1409 perverso
1253 1318 1361 1384 ordine

171 1419 293 1508 legitur
315 1420 365 1485 οίεί
388 1420 440 1487 tra
461 1421 543 1494 τοὸς.

215 1628 296 1718 Pag.
331 1628 408 1695 586.
442 1629 495 1696 12.
529 1631 576 1697 δεῖ
604 1630 701 1696 τοίνυν
719 1667 762 1680 —-
778 1631 853 1708 μήτ’
887 1629 970 1698 ἔλεον
1000 1632 1076 1709 μήτ’
1112 1628 1207 1712 ἄνδρα
1242 1631 1359 1710 μηδένα

171 1735 252 1812 μήτε
276 1734 391 1814 τέχνην
413 1737 569 1814 μηδεμίαν
592 1737 732 1817 εὑρῆσίοιι
759 1738 848 1821 [μήτ’
869 1735 949 1802 ι’ίλλο
970 1737 1097 1822 antid,
1119 1737 1154 1800 δι’
1173 1734 1240 1802 ὅτου
1260 1763 1360 1819 τοιριι·

171 1840 234 1917 βοίς
265 1864 313 1913 τις
344 1842 416 1913 τοὺς
440 1839 546 1919 νὸροους
570 1843 602 1907 οὗ
628 1842 714 1906 δώσει
737 1843 831 1917 δίκην.
879 1841 982 1909 Verba
1004 1843 1079 1920 μήτ’
1102 1841 1184 1906 ὅλλο
1207 1842 1303 1920 μηδὲν
1326 1847 1360 1909 in

171 1945 194 2010 S
225 1947 343 2011 omissa
373 1950 406 2011 in
438 1947 511 2012 aliis
542 1953 671 2014 mutant
700 1949 805 2013 locum
839 1953 871 2012 et
893 1951 961 2014 sine
983 1951 1196 2015 controuersia
1219 1953 1361 2036 expungi

172 2052 296 2118 debent.
350 2053 465 2120 Dicam
494 2054 578 2120 unde
607 2060 683 2120 nata
712 2057 793 2119 sint:
824 2055 1005 2120 nesciebant
1039 2051 1189 2118 Graeculi
1222 2055 1260 2118 δι’
1291 2052 1360 2120 ὅτου

172 2178 238 2224 cese
260 2179 318 2245 pro
340 2160 379 2225 δι’
404 2157 538 2237 ἧστινος,
563 2181 700 2246 namque
723 2164 776 2225 τοῦ
801 2165 831 2224 et
854 2184 906 2225 του
928 2164 961 2224 et
983 2157 1051 2224 ὅτου
1074 2159 1193 2224 formas
1215 2181 1281 2226 esso
1303 2163 1360 2225 tri-

171 2263 230 2328 bus
261 2266 433 2352 generibus
464 2287 661 2332 communes.
709 2264 789 2331 Vide
811 2265 919 2331 locum
941 2264 1085 2331 Platonis
1108 2266 1166 2330 ubi
1186 2265 1360 2352 legendum

171 2368 237 2450 περὶ
264 2369 367 2444 ἄλλοις
391 2372 509 2437 ὁτουοῦν
532 2375 633 2454 ἀρχῆς
655 2373 690 2436 in
719 2371 748 2436 V
744 2394 788 2435 ar.
813 2372 906 2436 Ῑιοοίί.
931 2391 1006 2458 pag.
1032 2369 1108 2436 532.
1155 2369 1266 2456 Itaque
1284 2393 1360 2437 neu-

171 2483 260 2542 trum
287 2497 354 2543 esse
376 2479 440 2542 rati
462 2476 539 2555 μήτ’
564 2476 644 2542 ἄλλο
667 2475 761 2554 μηδὲν
784 2475 984 2542 addidenmt.

215 2686 297 2774 Peg.
322 2683 398 2752 586.
426 2682 476 2752 16.
504 2687 586 2764 ὑμῶν
610 2686 635 2750 οἱ
660 2685 799 2764 θεώμενοι
822 2694 884 2758 τοῖς
910 2684 1073 2756 Διονυσίοις
1097 2681 1230 2749 είσιὸντοι
1253 2687 1295 2757 είς
1324 2686 1360 2749 τὸ

172 2791 293 2874 ίέιιτρον
324 2797 430 2858 τοῦτον
461 2791 635 2872 ἐσυρίττετε
663 2792 715 2856 aci
748 2791 897 2873 ἐκλώζετε
929 2790 980 2856 aci
1005 2789 1114 2855 τοίντοι
1137 2781 1159 2854 oi
1183 2791 1289 2868 μίσους
1313 2791 1359 2860 ἕτί

171 2907 288 2976 σημεῖα
321 2899 460 2964 ἐποιεῖτε.
516 2902 552 2963 In
585 2897 608 2963 S
642 2903 675 2963 et
710 2897 782 2963 aliis
816 2898 1002 2964 melioribus
1034 2917 1091 2982 pro
1127 2896 1179 2960 ιιιιί
1206 2886 1360 2976 Ιἐκλώζετε

170 3008 326 3090 scriptum
349 3011 397 3071 est
420 3004 473 3070 ιιιιί
497 3002 694 3086 εἰιειιριίνετε.
742 3003 860 3088 Manus
883 3002 1107 3069 Demosthenis
1130 3001 1213 3087 apud
1235 3001 1360 3087 Harpo-

170 3114 343 3176 crationom
374 3117 500 3179 servata
528 3116 576 3177 est
606 3133 638 3177 v.
663 3109 844 3190 Ἐιιλώζετε.
903 3108 1039 3174 Dubitat
1072 3107 1215 3173 Dindorf.
1247 3112 1358 3173 utrum

170 3217 344 3296 ἐσυρίττετε
375 3217 428 3282 aa>
458 3217 660 3284 retinendum
688 3219 731 3281 sit
755 3237 794 3281 an
817 3236 874 3302 pro
896 3219 1177 3300 interpretamento
1198 3215 1288 3281 verbi
1310 3236 1360 3280 ra·

169 3325 261 3388 rioris
291 3321 439 3404 ἐκλώζετε
471 3322 663 3388 babendum.
711 3320 787 3387 Sine
819 3323 1030 3388 controversia
1059 3326 1107 3386 est
1137 3320 1358 3385 retinendam:

169 3433 342 3514 utrumque
361 3431 448 3494 enim
468 3428 547 3494 duca
567 3433 681 3494 natura
702 3430 801 3494 etiam
821 3425 1231 3512 nuncexplodentesfacere
1243 3425 1359 3504 solent,

170 3533 227 3600 alii
249 3533 396 3612 sibilant,
423 3535 480 3600 alii
503 3533 554 3598 διίι
578 3541 636 3598 τῶν
660 3533 784 3599 didaces
807 3533 956 3615 σίζουτιν,
980 3532 1064 3618 qnod
1087 3527 1211 3609 ιιλίιζειν
1237 3535 1360 3597 veteres

170 3639 341 3725 appellant.
386 3641 521 3707 Necesse
552 3646 601 3706 est
632 3643 730 3706 etiam
762 3644 800 3703 ut
830 3641 888 3704 duo
919 3639 1015 3706 verba
1036 3637 1224 3723 praecedant
1245 3657 1360 3722 nempe

169 3751 207 3810 nt
229 3751 314 3812 recte
337 3747 489 3813 addatur:
514 3747 566 3812 κοοί
591 3755 764 3820 ΠΑΝΤΑ,
789 3737 811 3810 ὅσ
834 3747 941 3824 μίσους
966 3743 1011 3812 at
1035 3750 1169 3820 σιιριεῖοο,
1194 3743 1335 3808 ἒτοιεῑτε.

214 3852 306 3932 Quod
330 3853 372 3918 ad
395 3851 548 3938 Stephani
572 3851 667 3917 Thes.
688 3875 720 3919 τ.
746 3850 850 3932 κλώζο
874 3872 913 3917 ax
936 3849 1075 3916 Aristide
1093 3847 1235 3914 affertur:
1255 3847 1322 3926 συρί
1343 3885 1357 3898 -

169 3958 277 4023 τεσίσί
309 3982 345 4023 τε
369 3959 421 4023 aa>
447 3957 636 4039 ιιλιίζεσὸιιι,
662 3963 694 4023 et
718 3977 757 4022 ex
778 3957 989 4042 Alcipbrone:
1014 3956 1058 4031 ab
1082 3952 1170 4032 λιίβρ
1190 3951 1294 4034 χοίρου
1316 3954 1360 4019 τοὶ

170 4067 263 4136 σ’ςυιίι
288 4065 435 4147 μειροίιιιιι
458 4065 582 4148 κλυίζειυ
607 4067 625 4143 ἣ
652 4065 818 4148 συρίττειν,
844 4085 883 4130 ex
905 4061 1144 4130 Demosthenici
1165 4056 1229 4124 loci
1251 4060 1358 4126 imita·

170 4176 256 4240 tione
282 4173 387 4240 fluxit.
