3348 5086
703 361 767 430 365

241 555 379 636 χαθρετ’,
407 551 473 617 ἐπεὶ
498 549 586 630 μέγα
609 551 724 631 χάρμα
748 549 835 615 τύλεν
856 552 885 617 τ’
909 549 943 626 ἦν
966 551 1064 619 ταντθ
1086 577 1122 618 τε
1145 553 1240 636 δήμῳ.

147 663 181 723 et
205 657 318 746 Odyss.
342 662 369 725 θ.
397 658 472 724 611.

239 767 314 830 ἀλλ’
340 765 444 847 ὄψεσθ’
469 761 518 830 ἵνα
541 764 624 842 τύγε
649 765 827 830 καθεύδετον
851 765 881 828 θν
906 764 1069 845 λεχέεσσιν

241 872 281 944 εἷς
306 873 370 946 ἐμοὶ
395 870 503 948 δέμνια
529 869 664 948 βάντες·
693 872 753 948 ἐγὼ
779 873 804 935 δ’
829 871 914 950 ὁρόων
939 873 1119 953 omunstat.

146 976 224 1062 quid
256 982 303 1043 est
333 983 467 1063 utroque
498 977 567 1042 ioco
598 975 731 1046 sortes?
777 976 999 1044 Futurumnei
1031 977 1098 1044 fieri
1130 999 1192 1044 non
1220 984 1342 1066 potest:

146 1087 306 1150 sententia
324 1083 442 1149 elamat
461 1105 527 1149 esse
547 1084 749 1167 inoperativum
771 1083 832 1148 ἴσον
852 1087 893 1163 τῷ
919 1086 931 1148 i
935 1085 951 1148 δ
957 1107 1018 1148 ετε
1042 1085 1216 1168 conspicite:
1232 1085 1343 1167 ὄψεσθε

148 1195 188 1254 ut
210 1191 333 1265 ἄξεσθε.
380 1189 465 1256 Oiim
490 1191 549 1256 hoc
572 1195 774 1276 perspexerat
792 1189 1011 1268 Herodianus,
1032 1193 1066 1254 iu
1087 1190 1273 1279 Etymoiog.
1293 1191 1340 1258 M.

149 1295 236 1373 646,
264 1295 433 1362 mciii
466 1295 641 1375 »ὄψεσθε
674 1303 804 1376 Τρῶες
835 1297 901 1360 καὶ
934 1296 1119 1377 Τρῳάδες
1147 1281 1345 1377 'Europa'

148 1403 284 1471 ἕνεςῶτα
316 1399 397 1468 εἶναθ
428 1410 523 1485 Φησνν
555 1401 788 1484 Ἡραδνανθς-
803 1405 834 1468 ού
867 1403 930 1482 γαρ
961 1402 1151 1480 μαντεύεται
1175 1406 1249 1468 ἀλλ’
1273 1402 1343 1469 cieri

147 1513 204 1573 τοῦ
227 1509 365 1572 Ἴδετε.
391 1507 444 1574 καὶ
470 1509 584 1573 τύλιν·

422 1613 498 1680 ἀλλ’
523 1613 629 1694 ὄψεσθ’
649 1613 697 1680 ὄνα
722 1615 805 1693 τύγε
830 1615 1020 1680 καθεύδετον.

196 1720 266 1801 Quo
308 1722 416 1784 minus
456 1720 583 1786 dubites
617 1719 774 1806 proferam
810 1721 952 1786 eiusdem
987 1723 1171 1806 imperativi
1206 1720 1344 1787 alterum

147 1826 335 1912 exemplum
367 1830 400 1892 in
429 1831 556 1892 vetusto
584 1827 698 1893 mendo
722 1827 923 1898 delitescens.
948 1828 1031 1893 unde
1055 1831 1183 1914 agnosci
1206 1847 1269 1893 non
1287 1849 1343 1913 po·

149 1935 224 1996 tuit.
261 1933 356 2018 Apud
377 1931 580 2019 Hesychium
599 1938 663 1998 est:
685 1935 807 2013 Ὄψοι
833 1933 871 1998 δὲ
895 1932 1016 2013 βλέψον
1036 1931 1147 2013 ὄρασιν.
1184 1932 1342 1998 Emends:

145 2039 294 2118 Ὄφεοε
319 2040 329 2103 i
338 2039 397 2116 δέ,
421 2040 558 2118 βλέψον,
582 2035 646 2118 θρα.
695 2038 813 2104 Eodem
835 2039 929 2124 pians
951 2039 1047 2105 modo
1070 2037 1142 2118 ὄψεο
1170 2039 1345 2105 formatum

150 2149 201 2209 est
225 2151 321 2230 etque
343 2145 440 2222 βήσεο
464 2151 497 2210 et
521 2144 608 2210 δύσεο
632 2155 664 2208 ct
688 2145 769 2209 duee
791 2146 912 2210 formae
934 2144 1007 2224 θύεν
1031 2151 1063 2210 et
1086 2144 1196 2224 ὄψεσθε
1220 2145 1274 2208 σὺν
1298 2144 1345 2209 δύ’

151 2251 306 2331 ἐρχομένω
335 2252 500 2316 certiorem
524 2248 618 2316 fidem
643 2253 920 2316 etauctoritatem
945 2251 1115 2316 habebunt.

197 2353 338 2422 Subnnts
363 2357 446 2420 mihi
469 2356 547 2422 olim
571 2359 710 2441 suspicio
733 2361 781 2420 ost
802 2355 935 2421 nitorem
955 2356 1187 2422 eiusdemmodi
1207 2356 1345 2422 formam

150 2465 186 2526 in
209 2462 326 2526 mondo
350 2461 450 2527 latero
474 2461 565 2526 iliad.
590 2472 629 2526 Ψ.
656 2460 732 2526 263.

332 2570 403 2643 θῆκε
427 2576 563 2647 γυναῖκα
587 2565 721 2646 ὄγεσθαν
745 2568 893 2646 ἀμύμονα
917 2567 1008 2649 τὲργα
1032 2568 1144 2634 σνδνῖαν

335 2675 377 2755 τῷ
402 2679 520 2754 τούτῳ.

197 2781 282 2846 Nem
313 2781 421 2844 hiatus
451 2781 581 2865 quidem
600 2779 656 2845 ilie
678 2779 767 2846 nulio
791 2780 885 2846 modo
909 2780 1073 2846 ferendus:
1098 2783 1132 2844 in
1155 2780 1243 2844 tertio
1265 2778 1345 2865 pede

149 2894 223 2973 post
247 2886 441 2953 trochaicam
466 2907 629 2951 cessurum
652 2886 749 2952 hebet
771 2886 894 2972 eiiquid
918 2887 1145 2961 excusationis,
1166 2886 1344 2949 insecundo

148 3014 214 3058 non
244 2995 334 3057 item.
382 2991 515 3079 Saepius
546 2995 649 3080 igitur
680 2994 820 3079 cogitari
851 2992 890 3057 de
921 2993 1052 3076 antiquo
1076 2995 1191 3056 acrisio
1215 2989 1342 3068 ύξὲσθαν

147 3102 346 3188 reponendO,
370 3102 425 3166 sed
450 3101 567 3167 inclino
587 3121 671 3166 nuno
691 3102 796 3187 magis
814 3103 849 3164 in
871 3100 950 3164 hunc
969 3100 1159 3164 sententiam
1180 3103 1217 3162 ut
1236 3099 1344 3163 rosori-

148 3210 263 3274 batur:
292 3208 367 3271 δῶκε
391 3209 513 3284 γυναῖκ’
538 3205 756 3282 ’ΛΓαγὲσθαν,
782 3211 820 3271 ut
843 3209 892 3270 est
914 3203 1005 3270 iliud.
1032 3211 1070 3268 Σ.
1095 3202 1151 3268 86.

334 3311 387 3377 εἷθ’
410 3311 522 3400 ὄφελες
546 3311 584 3377 σὺ
608 3314 664 3391 μὲν
688 3310 755 3379 αὖθι
779 3313 850 3390 μετ’
872 3311 1030 3392 οόθανθτγς
1051 3309 1156 3392 sititor

338 3418 451 3497 ναθενν,
477 3420 600 3494 Πηλεὺς
624 3418 655 3483 δὲ
680 3420 787 3494 θνντθνν
810 3418 990 3497 οόγαγέσθαν
1016 3415 1141 3481 ὄκοντον.

730 3673 766 3738 L.

553 3879 598 3948 'n
623 3891 716 3948 Meu
741 3875 804 3948 nou
828 3879 847 3955 t
868 3883 939 3958 μου.

196 4050 288 4116 Iiind.
314 4061 353 4115 Δ.
380 4048 433 4116 76.

580 4156 618 4220 σὺ
640 4156 671 4220 δὲ
695 4155 797 4220 σύνθεο
821 4153 875 4218 καθ
896 4176 945 4230 μον
966 4151 1094 4228 ὄμοσσον

287 4261 305 4337 ἦ
329 4271 423 4328 ΜΕΝ
447 4287 498 4340 μοι
523 4261 661 4340 τρθΦρων
685 4260 802 4325 σθτεσνν
827 4260 879 4325 καὶ
904 4257 1010 4339 χερσὶν
1034 4257 1164 4337 οόρθξενν.

195 4369 361 4434 Bekkerus
385 4361 402 4440 ἦ
426 4371 487 4445 niv
511 4370 549 4434 de
573 4389 630 4434 suo
653 4367 822 4432 substituit
845 4387 947 4431 errore
971 4363 1150 4429 manifesto.
1183 4361 1341 4441 Quemad-

148 4475 285 4542 modum
309 4477 395 4539 enim
418 4474 626 4539 Athenienses
649 4493 776 4539 summa
800 4468 1108 4548 constantissimum
1133 4461 1151 4542 ἦ
1173 4467 1234 4547 μήν
1259 4468 1339 4534 dics·
