3304 5090
354 461 526 547 Sordidum
556 475 591 542 id
621 477 730 545 visum
760 475 962 546 Aristarchco
991 478 1097 546 nescio
1128 479 1199 554 oui,
1233 477 1289 564 qui
1320 477 1515 546 annotavit:

311 587 510 652 ἐπαιτιῶνται
543 583 574 648 δὲ
604 583 715 655 αὐτοὺς
748 584 773 648 οί
806 581 944 662 ἡμέτεροι
975 583 1014 671 (οί
1045 582 1265 670 Ἀριτοίρχειοι)
1296 585 1335 658 τίς
1360 584 1514 664 inpendo

312 691 365 757 κοιὶ
396 692 482 772 eaput
510 689 553 755 τίν
582 689 729 770 τρίοωτοι
761 689 804 762 είς
828 690 962 774 κρερίδνον
993 688 1058 778 (καί
1090 687 1214 769 οίνοίριον
1237 689 1311 755 addi
1337 686 1512 767 debuerat)

311 797 498 878 ὀνειδίζοντος
529 802 582 862 τοῦ
613 796 857 874 Ἀγαμέμνονος.
904 795 993 860 Haeo
1016 815 1141 881 quoque
1164 795 1319 876 stuppario
1340 797 1376 860 iu
1395 795 1512 861 Ptole·
1633 799 1634 870 ]

311 925 478 972 maeorum
506 909 650 988 tempora
681 923 743 968 non
775 901 923 967 cadebat:
955 905 1101 988 poterant
1133 901 1211 967 talia
1244 903 1352 966 tacitis
1386 903 1513 967 animis
1633 928 1634 948 ι

312 1012 397 1098 apud
427 1031 460 1076 se
492 1011 631 1097 cogitare
661 1029 918 1094 nonnumquam,
950 1008 1005 1074 esd
1040 1029 1193 1094 perquam
1227 1008 1396 1072 indecorum
1428 1013 1513 1073 tunc
1633 995 1634 1082 ]

312 1123 400 1195 erat,
422 1123 455 1182 et
476 1137 561 1182 nuno
584 1121 649 1200 eet,
671 1114 729 1180 illa
752 1113 860 1200 palam
884 1114 996 1180 dicere.
1043 1116 1186 1199 Antiqua
1208 1113 1399 1198 simplicitas
1424 1133 1513 1201 quae
1633 1101 1634 1112 ¹

314 1223 470 1290 sentiebat
493 1226 600 1308 aperte
624 1221 824 1306 loquebatur.

359 1327 450 1394 Iliad.
480 1337 519 1393 H.
544 1325 622 1392 390.
646 1325 779 1393 Fetialis
802 1325 1010 1392 Troianorum
1033 1325 1141 1392 Paridi
1163 1324 1328 1412 propalam
1350 1327 1385 1392 in
1409 1323 1514 1393 Grae-
1633 1366 1634 1388 τ

315 1455 425 1501 corum
456 1435 568 1499 castris
598 1438 722 1518 pestem
753 1437 786 1497 et
816 1435 953 1498 exitium
976 1434 1179 1518 imprecatur.
1227 1431 1373 1497 indecoro
1395 1452 1434 1498 ea
1458 1453 1514 1498 res

314 1533 385 1607 visa
407 1539 591 1605 Democrito
615 1544 678 1616 eet,
706 1541 813 1624 itaque
836 1559 899 1604 non
919 1537 1027 1625 palam
1047 1537 1101 1604 ssd
1120 1559 1215 1602 cocum
1234 1537 1293 1604 illa
1313 1538 1433 1604 dixisse
1453 1538 1515 1604 ho-
1633 1573 1634 1578 ι

315 1649 438 1711 minem
468 1647 657 1730 suspicatur.
691 1647 730 1716 ὥς
761 1643 828 1724 τρίν
859 1645 977 1726 ὤφελλ’
1008 1643 1196 1710 iusticias:
1229 1645 1295 1709 eci*
1321 1644 1430 1711 ἑαυτὸν
1456 1643 1514 1710 καί

316 1751 416 1831 eptae
448 1751 549 1838 (λίνὲί
582 1751 595 1814 ὅ
628 1747 753 1835 tridui),
778 1751 816 1821 ὥς
839 1751 1028 1829 Δημόκριτος
1052 1750 1135 1829 οίξιοῖ
1155 1751 1360 1816 'supellec
1384 1751 1513 1829 ›ignoui-
1633 1799 1634 1812 .

317 1881 406 1937 μενος
426 1856 462 1921 τδ
482 1861 618 1938 Φοινιρῶς
638 1855 797 1934 atracias.
834 1855 943 1922 Multa
962 1856 1165 1922 Democritus
1184 1857 1223 1922 de
1245 1855 1387 1922 Homero
1410 1860 1514 1944 scrip·
1633 1911 1634 1942 3

317 1966 361 2030 eit
371 1963 576 2030 vehementer
586 1967 697 2048 politae
710 1963 858 2029 divinum
870 1965 1038 2050 ingenium
1050 1967 1082 2028 et
1095 1961 1257 2048 eloquium
1270 1962 1448 2029 admiratus
1462 1961 1510 2049 ¹):

318 2070 373 2136 sed
402 2071 695 2154 interpretationem
719 2072 909 2135 carminum
938 2067 1184 2134 Homerioorum
1208 2089 1322 2155 parum
1346 2074 1403 2135 eut
1426 2068 1513 2136 nihil
1633 2123 1634 2142 ι

317 2170 494 2263 promovit,
519 2175 603 2240 unde
626 2177 786 2241 rarissime
809 2177 844 2240 in
867 2173 1004 2240 Scholiis
1027 2195 1127 2260 pauca
1145 2174 1301 2259 quaedam
1320 2194 1359 2240 ex
1378 2195 1416 2240 eo
1437 2175 1512 2241 affe·
1633 2177 1634 2188 *

318 2287 434 2348 rimtur
464 2283 630 2368 perexigui
659 2284 826 2346 momenti.
874 2280 943 2361 Quo
974 2287 1066 2367 pactu
1096 2301 1211 2367 quaeso
1240 2281 1358 2347 fetialis
1380 2279 1511 2348 illasio

320 2388 423 2454 dicere
452 2389 559 2472 potnit
588 2391 625 2452 ut
655 2402 749 2452 nemo
781 2385 975 2454 Graecorum
1005 2385 1151 2453 audiretl
1182 2392 1215 2453 et
1244 2409 1301 2453 cnr
1323 2408 1386 2454 non
1408 2387 1512 2454 libere
1633 2391 1634 2454 l

317 2491 468 2560 Paridem
487 2498 716 2571 exsecraretur,
736 2511 832 2578 quem
853 2513 962 2559 omnes
981 2495 1095 2559 mortis
1113 2495 1215 2559 instar
1232 2491 1393 2560 odissent?
1415 2493 1511 2561 Iliad.
1633 2485 1634 2553 ί

318 2607 354 2666 Γ.
380 2597 456 2665 454.

502 2700 564 2770 ίοον
588 2701 651 2785 yda
675 2715 750 2786 σφιν
774 2710 871 2771 nisu
893 2705 1055 2786 ἀπήχθετο
1079 2705 1144 2788 unp>
1168 2705 1312 2790 μελαίνῃ.

318 2814 480 2898 praeterea
510 2828 607 2895 quam
634 2812 847 2898 lucongruum
869 2815 917 2876 eet
939 2811 1083 2878 fetialem
1105 2815 1140 2878 'un
1162 2813 1269 2880 media
1291 2814 1431 2881 oratione
1455 2833 1511 2882 ne·
1633 2840 1634 2934 3

320 2920 385 2984 scio
409 2915 487 3003 quid
508 2933 617 2983 secum
639 2920 819 2984 mussitare.

365 3021 457 3090 uras.
490 3032 514 3088 1.
541 3021 618 3088 τοι.
650 3021 806 3104 <alueus
830 3022 861 3087 u
884 3021 1002 3102 κροκι
1026 3023 1228 3109 reprensum
1249 3045 1288 3091 ea
1308 3027 1414 3092 nesso
1437 3028 1512 3112 qun
1633 3004 1634 3096 l

320 3129 372 3196 his
402 3128 525 3196 verbis:
556 3131 760 3194 ἈΠΡΕΠΕΟ
792 3129 823 3194 δὲ
850 3128 885 3194 τὸ
908 3131 946 3201 ὥς
970 3129 1020 3194 ἔτ)
1045 3136 1144 3208 κῶμον
1167 3131 1285 3208 ἥκουσιν
1307 3131 1512 3214 οίνιροιτίτερον

319 3235 431 3301 διδόναι
460 3233 741 3316 aususausus.
788 3234 923 3301 Sensum
954 3253 1156 3303 communem
1186 3258 1248 3304 non
1278 3238 1374 3304 habet
1393 3238 1511 3316 homo,

319 3343 463 3428 quisquis
491 3345 551 3418 est,
582 3346 640 3407 aut
668 3359 845 3428 numquam
876 3343 997 3408 amicos
1027 3344 1255 3410 meracioribus
1277 3342 1400 3430 poculis
1422 3347 1511 3414 insi-
1633 3327 1634 3336 ί

319 3449 413 3513 tavit.

320 3667 345 3725 1.
370 3657 448 3726 222.

502 3763 694 3846 siriciani
719 3763 821 3839 τίτιορ
846 3765 898 3830 eal
922 3765 1046 3840 ἐδνούοι
1071 3763 1106 3842 ἕξ
1129 3765 1190 3848 ἔρον
1215 3763 1292 3833 ἕντο.

320 3870 378 3937 ubi
401 3873 580 3939 annotavit:
604 3872 768 3951 Φοίνοντοιι
788 3870 841 3936 eol
861 3875 933 3953 παρ’
954 3871 1165 3952 Ἀγαμέμνονι
1186 3873 1373 3951 δειπνοῦντες
1398 3877 1511 3964 paullo

320 3980 403 4042 aute.
420 3977 639 4044 '‘AMeINON
662 3973 711 4044 οὖν
738 3983 863 4044 ΕΙΧΕΝ
882 3973 978 4064 ἊΝ,
1001 3979 1095 4062 φησίν
1118 3981 1132 4045 i
1156 3975 1356 4064 ’Λρίτοορχος,
1379 3983 1405 4048 εί
1436 3982 1511 4064 ἐρί-

320 4101 445 4164 yponae

320 4243 518 4256 ψ

355 4325 383 4396 1)
402 4327 449 4378 Dio
467 4327 592 4395 chrysost
610 4329 676 4381 oras.
694 4329 766 4381 LIII.
784 4329 797 4378 ὃ
817 4332 964 4394 Δημόκριτος
984 4331 1038 4394 περί
1058 4329 1160 4394 Ὀμνίρον
1176 4331 1250 4397 φησίν
1269 4329 1358 4395 σίτοις·
1386 4335 1510 4404 ,,“ομορρος
1633 4331 1634 4360 ¹

319 4413 404 4484 φίτιορ
424 4419 511 4482 mxiv
530 4409 658 4482 ίοιζοίτιρς
675 4409 751 4470 ists
768 4419 858 4482 κόσμον
877 4415 1027 4482 ἔττκτιίνοιτο
1045 4411 1190 4471 τοιντοίοιν.“
1324 4417 1327 4420 ’

364 3549 437 3620 Non
459 3554 661 3642 agnoscimus
682 3552 858 3620 Aristarchi
881 3571 995 3620 sanum
1018 3575 1054 3621 ac
1077 3554 1221 3620 sobrium
1238 3555 1395 3622 iudicium
1416 3555 1512 3624 Iliad.
