3356 5086
731 357 796 432 298

168 549 329 624 Bekireme
347 561 487 624 eximere
505 557 635 622 oonetus
653 559 717 634 est,
738 555 792 620 eed
810 573 925 641 perum
943 553 1089 622 feliciter.
1119 553 1244 641 Nempe
1263 549 1347 640 quod

167 665 225 729 hee
251 665 469 732 observatione
498 663 597 728 fretus
628 661 729 743 θφίη,
755 661 840 740 τροΐη
852 709 861 738 ,
884 661 972 740 σίνίη,
997 661 1104 739 μεθίη,
1130 661 1232 737 ἒτίθη,
1257 660 1345 737 τίθη,

168 769 264 846 itate,
285 769 354 834 θιῒω
374 770 486 837 formis
508 767 695 855 vulgaribus
714 769 748 830 in
769 805 810 814 -
834 776 872 862 et
892 772 924 831 et
946 805 987 816 -
1010 775 1067 832 OT
1085 767 1252 832 substituit
1263 765 1350 832 fefel-

168 875 206 940 lit
234 867 308 940 edm
339 878 462 963 opinio,
493 880 530 939 nt
560 893 655 959 supra
686 872 983 938 demonstravimus.
1030 873 1072 938 let
1102 873 1186 958 quod
1211 875 1349 958 perticu-

169 981 215 1046 lse
244 990 339 1047 ΜΕΝ
368 980 471 1049 veluti
492 978 613 1045 bellum
637 979 755 1043 indixit
777 979 970 1064 ubicumque
993 999 1049 1064 per
1069 985 1210 1044 metrum
1233 978 1350 1044 licebat

169 1095 262 1152 MHN
291 1107 444 1173 reponens
474 1089 508 1151 in
530 1085 687 1170 plerisque
710 1084 787 1150 lonis
809 1089 951 1150 veterem
974 1084 1123 1170 loquendi
1146 1104 1241 1149 usum
1264 1084 1350 1150 uitro

170 1193 311 1276 vitiavit,
334 1201 373 1257 ut
395 1193 434 1258 de
453 1193 609 1258 industris
631 1211 688 1256 eno
710 1190 780 1256 looo
803 1191 1014 1256 ostendemus.

211 1297 272 1364 Sed
295 1303 464 1384 supersunt
486 1297 548 1364 elie
568 1296 653 1383 epud
675 1295 855 1362 Homerum
878 1296 1028 1362 mendose
1051 1298 1182 1383 scripte,
1208 1317 1287 1382 quae
1311 1317 1350 1362 ex

170 1403 320 1471 librorum
344 1409 489 1472 veterum
513 1411 575 1476 τοῖς
600 1404 754 1474 Ἀττικοῖς
778 1403 964 1482 γρθμμασιν
988 1406 1189 1468 exaratorum
1207 1400 1350 1468 leotioni·

170 1510 226 1576 bns
248 1531 357 1577 veram
380 1511 517 1576 formum
538 1529 721 1594 recuperare
744 1507 873 1573 tandem
895 1512 1053 1592 poterunt.

211 1615 373 1684 Proferam
406 1618 509 1703 igitur
540 1635 625 1679 nuno
654 1613 740 1680 locos
770 1612 905 1678 Homeri
935 1614 992 1679 ubi
1020 1622 1075 1678 OT
1099 1617 1132 1678 et
1155 1621 1190 1678 Ω
1214 1615 1297 1679 inter
1319 1634 1353 1679 se

172 1722 296 1788 confuse
319 1723 459 1788 furerent.
505 1720 621 1787 Editur
643 1719 734 1785 Iliad.
759 1718 801 1784 Π.
827 1717 903 1785 363.

300 1828 391 1893 θλλθι
414 1826 465 1892 καί
491 1821 528 1900 ὧς
553 1825 718 1905 ἀνέμιμνε,
743 1825 824 1891 adst
848 1822 876 1888 δ’
901 1824 1017 1905 ἐρίηρας
1041 1825 1186 1906 ἑταίρους.

170 1940 200 2001 et
222 1943 257 1999 Φ.
281 1931 359 2000 238.

301 2040 371 2109 τοὺς
396 2037 421 2102 δ’
444 2035 587 2115 ἔκβαλλε
611 2037 718 2119 θύραζε
744 2073 785 2086 -
811 2035 902 2118 ζωοὺς
927 2034 958 2100 δὲ
981 2033 1073 2100 σοίΩ.

172 2144 277 2211 eedem
299 2144 403 2210 forms
424 2147 472 2208 est
495 2145 680 2230 imperativi
703 2141 815 2229 Odyss.
840 2167 864 2207 ν.
890 2138 965 2206 230.

301 2251 390 2314 ἄλλα
415 2247 494 2315 rain
519 2249 575 2328 μὲν
599 2252 722 2325 ταῦτα,
745 2247 824 2313 σοίΩ
849 2247 875 2311 δ’
899 2245 967 2324 ἐμὲ.

172 2359 202 2421 et
223 2381 248 2438 ρ.
272 2353 350 2421 595.

303 2460 398 2526 αὑτὸν
420 2460 477 2538 μέν
498 2483 534 2524 σε
558 2465 664 2540 πρῶτα
688 2459 767 2526 σοίΩ
792 2458 843 2524 καί
868 2457 984 2541 φροίζεο
1009 2459 1091 2538 θυμῷ

304 2566 349 2646 μή
372 2589 402 2632 τι
426 2566 534 2649 τοίθης.

213 2671 301 2738 Heeo
332 2677 380 2738 est
407 2671 542 2760 vulgate
565 2676 597 2736 et
620 2674 759 2757 antiquis
783 2671 918 2737 testibus
941 2669 1084 2737 stabilite
1105 2669 1210 2738 lectio.
1248 2672 1354 2760 Hesy-

174 2777 274 2845 ehiue:
301 2786 412 2844 CAss:
436 2775 531 2858 σῶζε,
557 2783 661 2842 σῶσον.
708 2777 895 2863 Apollonius
918 2778 990 2841 dee.
1015 2777 1101 2842 Hom.
1128 2786 1229 2844 CAss.

304 2884 393 2949 θλλθι
417 2884 482 2950 σοίω
505 2886 562 2963 μὲν
585 2889 708 2964 ταῦτα,
733 2883 798 2949 σθω
823 2882 849 2946 δ’
873 2883 939 2961 ε’μέ.

216 2991 282 3057 err>
306 2997 359 3057 τοῦ
384 2991 469 3074 σῶζ.

214 3095 276 3164 Sed
307 3115 388 3182 quse
416 3097 563 3175 tandem,
598 3116 730 3182 quaeso,
762 3117 828 3162 esse
858 3096 964 3182 potnit
985 3095 1088 3163 forms
1109 3098 1220 3164 eadem
1241 3101 1357 3185 imper-

172 3203 245 3270 fecti
272 3209 306 3269 et
334 3205 520 3289 imperativi
549 3200 658 3269 CAH?
689 3202 814 3288 Nempe
846 3203 875 3266 ἐν
906 3210 968 3275 τοῖς
1002 3211 1147 3274 παλαιοῖς
1176 3205 1354 3285 ἐγέγραπτο

175 3318 273 3389 CAO,
306 3308 488 3391 ταρεΦθθρη
522 3307 553 3372 δὲ
586 3308 644 3373 ὑπὸ
676 3315 734 3374 τῶν
765 3307 1165 3389 μεταχαραιιτηρισοίντων,
1199 3314 1253 3396 qni
1276 3311 1355 3377 σοίΩ

172 3417 362 3502 seripserunt
392 3435 493 3499 quum
516 3413 617 3480 οθΟΤ
641 3415 799 3480 deberent.
846 3414 924 3480 Emt
946 3415 1081 3482 verbum
1104 3415 1240 3501 Epioum
1264 3424 1357 3483 σαοῡν

172 3539 226 3606 pro
258 3519 383 3600 σθζειν,
416 3521 508 3585 euius
533 3519 691 3606 plurimos
714 3519 833 3586 formae
856 3523 973 3605 passim
996 3524 1031 3585 in
1054 3520 1188 3586 Homeri
1211 3526 1357 3588 carmini-

173 3625 230 3692 bus
253 3625 425 3714 leg'untur,
450 3627 600 3704 σαώσεις,
625 3632 765 3704 σαῶσαι,
790 3628 941 3702 σαωθῆναι
963 3632 1023 3692 oet.
1058 3627 1245 3713 Imperetivi
1264 3631 1358 3694 aoris-

174 3736 225 3797 tus
248 3740 296 3798 est
319 3730 438 3798 σθωοον
461 3731 542 3797 Ilied
564 3741 606 3798 Α.
630 3729 708 3798 827.

307 3840 381 3904 ἀλλ’
406 3837 462 3913 ἐμὲ
485 3838 542 3916 μὲν
565 3837 603 3902 σὺ
627 3837 744 3904 σάωσον
767 3835 853 3915 ἄγων
877 3838 926 3903 ἐντί
952 3846 1009 3914 νῆα
1031 3838 1194 3916 μίλαιναν.

175 3949 206 4008 ot
227 3943 343 4031 Odyss.
367 3944 394 4007 t.
420 3940 497 4010 765.
950 3947 956 3960 '

308 4051 368 4113 τῶν
391 4053 441 4113 νῦν
467 4072 517 4128 μοι
540 4057 656 4128 μνῆσαι
678 4049 732 4115 καί
754 4073 804 4127 μοι
830 4050 922 4132 Φίλον
945 4044 997 4114 οία
1019 4049 1146 4116 σοίωσον.

218 4154 320 4239 Setis,
352 4155 461 4239 eredo,
492 4157 695 4241 perspicuum
727 4160 774 4220 est
806 4158 922 4221 eoristo
952 4154 1069 4222 σάωσον
1103 4177 1248 4242 praesens
1282 4160 1357 4227 σθου

176 4260 357 4348 respondere
380 4265 412 4326 et
433 4259 658 4346 imperfectum
681 4259 777 4326 σθοοε

310 4366 399 4432 esse
423 4367 475 4432 καί
500 4363 537 4438 ὦς
560 4366 727 4447 eriperer,
751 4365 852 4433 σοίΟΤ
877 4367 904 4431 δ’
930 4367 1046 4448 ἐρίηρας
1070 4368 1215 4451 ἑταίρους.

177 4471 244 4540 Nisi
276 4475 488 4542 vetustissimi
511 4477 623 4541 erroris
647 4475 736 4562 origo
758 4480 826 4540 tem
849 4474 971 4559 liquido
995 4481 1134 4560 peteret,
1156 4476 1361 4554 haesitaverit
