3356 5086
160 551 245 636 quod
271 549 388 619 Graece
411 554 546 620 dixeris:

860 647 949 728 ’ύιλλύ
973 688 1007 728 σε

430 767 496 830 ἀνθ’
520 764 558 832 ὦν
583 765 714 846 ἔδρασας
740 764 913 841 ἐξολέσειαν
936 770 961 834 οἱ
986 767 1053 833 decl.

157 875 194 932 ut
217 871 254 934 in
278 871 366 935 Plato
389 893 436 938 vs.
463 871 566 950 592„

250 976 336 1040 ἀλλὰ
362 977 432 1057 σύγ’
460 981 473 1044 ὁ
498 981 575 1054 Ζεύς
601 977 766 1058 ἐξολέσειεν
790 979 906 1046 κοτίνου
930 981 1055 1064 ςεφούνῳ
1079 983 1278 1065 ςεφοινύσας.

203 1080 259 1146 Sic
281 1084 382 1170 igitur
403 1084 565 1152 Homerus
589 1107 712 1174 quoque
736 1087 875 1153 dixerat:

431 1192 508 1264 Ζεὺς
534 1203 590 1258 ΔΘ
614 1199 716 1274 σφεας
743 1193 854 1258 τι’σοιιύ’
880 1195 1041 1270 ἱκετήσιος.

159 1295 345 1382 planissime
376 1303 413 1362 ut
437 1299 614 1387 Xenophon
636 1303 671 1365 in
694 1301 828 1364 Απούοεὶ
851 1299 908 1365 ΙΙΙ.
934 1301 964 1368 2.
992 1301 1045 1366 60.
1071 1305 1201 1368 'Anas
1225 1303 1350 1378 τούτους

159 1402 216 1478 μὲν
240 1403 267 1466 οἱ
292 1402 347 1466 decl
372 1405 584 1474 ύποτύσαιντο.
611 1414 642 1473 et
665 1408 826 1474 Homerus
850 1409 916 1494 ipse
941 1408 1053 1496 Odyss.
1079 1420 1117 1474 Δ.
1144 1407 1220 1475 667.

432 1513 542 1580 οὶλλύ
573 1539 611 1580 σοι
636 1516 719 1595 αύτῷ
744 1516 820 1588 Ζεύς
845 1514 960 1580 ὀλέσειε
984 1515 1065 1594 βίην.

205 1626 316 1706 Σφεας
353 1620 464 1688 eodem
495 1623 591 1688 modo
622 1624 656 1686 in
686 1643 785 1687 unam
816 1621 974 1708 syllabam
1004 1623 1201 1688 contrahitur
1226 1630 1257 1690 et
1280 1622 1352 1690 aliis

158 1733 238 1801 locis
263 1742 294 1802 et
315 1746 357 1802 Λ.
384 1730 459 1798 128.

341 1844 376 1907 έκ
399 1837 461 1919 γάρ
483 1840 585 1918 σφεας
610 1841 718 1916 χειρῶν
742 1835 845 1917 Φύγον
870 1836 938 1909 ἠνία
962 1835 1165 1914 σιγαλόεντα.

686 2150 819 2217 XXVII.

510 2377 691 2429 rocsmrus
714 2378 774 2427 rao
796 2378 1004 2427 uomunnvo.

208 2570 431 2658 Compluribus
462 2572 546 2657 apud
577 2569 758 2636 Homerum
789 2571 867 2636 locis
897 2572 954 2636 ubi
987 2575 1081 2657 poeta
1114 2575 1351 2640 nominativum

164 2677 287 2744 dederat
319 2684 460 2744 cantores
492 2684 524 2744 et
555 2678 688 2743 lectores
712 2677 745 2741 ἐκ
769 2685 823 2751 τῆς
848 2677 1004 2752 συνηθείας
1028 2680 1212 2742 vocativum
1237 2681 1353 2744 substi-

164 2788 289 2850 tuerunt
319 2792 352 2851 at
382 2787 428 2850 sic
458 2805 608 2850 numeros
638 2789 748 2869 poetae
778 2786 894 2848 misere
926 2792 1138 2869 corruperunt.
1188 2785 1226 2850 In
1260 2785 1352 2852 Iliad.

167 2901 204 2956 Σ.
228 2890 291 2956 385
316 2895 348 2958 et
372 2890 448 2954 424.
472 2893 507 2955 in
532 2891 623 2955 libris
650 2891 797 2955 omnibus
822 2890 921 2954 fertur
944 2890 1021 2956 haec
1045 2893 1217 2976 scriptura:

350 2997 444 3063 τύπτε
469 2996 547 3062 ΘέτΙ
571 2995 767 3060 τανύπεπλε
790 2994 903 3065 ἱκύνεις
929 2994 1071 3076 ἡμέτερον
1096 2995 1156 3072 δῶς

166 3103 326 3169 Bchherus
351 3105 457 3170 ΘέτΙΟ
481 3103 677 3169 τανύπεπλε
699 3122 851 3188 reponens
873 3107 996 3186 partem
1017 3107 1144 3167 tantum
1163 3106 1232 3168 reri
1251 3105 1352 3189 vidit,

167 3231 239 3274 nam
261 3231 376 3276 rerum
400 3215 465 3275 est:

299 3315 391 3380 τύπτε
417 3315 522 3382 &iric
545 3313 770 3380 τανύπεπλΟΟ
794 3310 906 3386 ἱκούνεις
932 3312 1075 3395 ἡμέτερον
1099 3315 1158 3391 δύος

165 3420 243 3486 nihil
274 3426 342 3486 erat
373 3423 553 3506 coniectura
584 3442 679 3506 opus,
712 3422 787 3505 quia
817 3424 951 3505 utroque
983 3420 1052 3485 loco
1077 3420 1192 3487 diserte
1215 3442 1353 3487 comme·

163 3533 303 3593 moratur
326 3527 477 3592 Zenodoti
499 3525 595 3591 lectio
618 3526 696 3592 haec
719 3529 787 3611 ipsa
813 3527 905 3598 Θέτις
930 3526 1139 3598 τανύπεπλος.
1186 3526 1352 3613 Sequiores

166 3635 216 3718 qui
251 3654 315 3699 non
350 3635 568 3721 cogitaverant
598 3633 727 3718 perinde
763 3633 827 3697 dici
863 3639 1057 3712 Θεμιτοκλῆς
1090 3630 1149 3708 dau
1182 3635 1216 3698 in
1249 3635 1354 3718 prima

164 3759 292 3823 persona
317 3745 411 3825 atque
436 3739 526 3811 Θέτις
551 3739 664 3811 ύκύνεις
687 3741 721 3804 in
745 3739 899 3818 secunda,
919 3739 1027 3805 locum
1047 3739 1182 3806 Homeri
1201 3739 1241 3805 ad
1260 3759 1350 3804 suam

164 3843 309 3932 loquendi
328 3847 589 3912 consuetudinem
611 3847 857 3914 conformarent.
891 3845 1104 3912 Pessumdant
1127 3865 1276 3911 numeros
1298 3844 1353 3910 sed

164 3953 195 4015 in
217 3953 416 4040 ignoratione
440 3957 493 4017 τοῦ
518 3953 670 4031 elaeusa
695 3957 743 4019 tot
765 3955 856 4018 rimis
880 3953 1012 4039 antiqua
1035 3953 1176 4017 carmina
1202 3950 1352 4034 hiabant,

163 4063 198 4122 ut
220 4080 257 4124 ea
277 4079 327 4124 res
349 4062 511 4125 neminem
536 4060 721 4127 adverteret.
758 4059 933 4145 Postquam
955 4058 1032 4124 felix
1055 4056 1193 4122 Bentleii
1217 4077 1353 4122 acumen

163 4163 196 4228 rt
219 4164 372 4243 ὃύγαμμα
394 4169 560 4251 tamquam
584 4187 622 4231 ex
646 4164 725 4231 Orco
747 4165 873 4230 reduxit
896 4169 927 4231 et
950 4166 1046 4230 metri
1069 4162 1234 4228 Homerici
1263 4183 1351 4247 prae·

164 4275 279 4336 stantia
303 4277 336 4336 et
359 4275 500 4338 suavitas
522 4273 596 4337 hinc
619 4271 736 4336 melius
759 4270 922 4336 intellecta
945 4277 992 4336 est
1016 4275 1047 4335 et
1072 4271 1215 4356 cognita,
1243 4267 1352 4334 huius-

166 4377 252 4442 modi
276 4375 429 4443 molestae
453 4383 484 4444 et
509 4380 634 4444 odiosae
656 4379 840 4457 χοσμωδίοιι
862 4378 915 4442 vel
933 4381 1021 4462 ipsae
1041 4378 1189 4461 antiquae
1208 4374 1353 4442 lectionis

167 4480 270 4548 lahem
296 4490 436 4571 arguunt
461 4489 492 4550 et
516 4486 571 4550 ubi
595 4483 694 4550 semel
718 4484 802 4550 laesa
824 4486 909 4549 auris
932 4485 1144 4567 suspicionem
1168 4483 1271 4549 movit
1290 4485 1353 4547 sta·
