3304 5090
702 260 767 326 231
802 324 806 333 .

151 450 307 518 suaserint.
354 445 417 514 oen
449 448 525 532 quid
556 449 633 516 baec
665 453 772 516 omnia
797 449 948 516 adversus
970 453 1133 535 antiquam
1156 452 1190 516 in
1214 449 1273 518 tali
1294 475 1328 519 rc

150 556 310 632 ταρρνρσὶαν
333 577 369 618 τε
392 554 446 618 ιιοιὶ
467 552 742 634 εὖθυρρνρμοσιὶνιρνὶ
764 554 809 621 Ut
829 555 1011 644 cogitabant
1032 555 1328 644 insperatoque

149 660 273 734 bantur.
305 665 337 725 et
369 679 431 744 quo
461 669 575 724 natura
606 661 741 728 ducebat
763 662 848 727 ultro
871 662 1081 746 sequebantur
1103 661 1184 726 nibil
1204 668 1328 747 praeter

149 767 243 830 animi
259 786 385 830 sensnm
406 765 607 843 οἱκιιιζόμενοι.
640 767 760 834 Deinde
781 770 903 831 τοὶντιον
924 766 1187 846 ἀσυμφορώτατον
1208 769 1240 832 id
1261 789 1328 834 esso

148 870 322 936 bominibus
345 873 414 936 vita
437 870 531 936 molli
556 881 589 936 et
611 872 747 938 delicata
767 878 799 938 st
819 872 982 938 luxuriosa
1002 875 1158 936 enervatis
1176 873 1329 940 facillime

148 997 227 1040 nunc
247 975 460 1064 intelligimus
483 985 517 1042 et
539 977 717 1054 credimus,
742 977 796 1044 sed
821 978 898 1063 quid
919 977 1064 1042 homines
1084 971 1134 1042 σὶοι
1156 984 1205 1042 νῦν
1224 981 1328 1058 βροτοὶ

149 1081 231 1152 εἰσιν,
249 1085 280 1147 et
301 1081 409 1166 quales
431 1086 507 1148 vivo
526 1082 712 1150 Aristarcho
732 1090 821 1149 erant
840 1085 873 1148 in
892 1083 1057 1170 Aegypto,
1077 1102 1151 1167 prae
1172 1084 1239 1150 illis
1262 1085 1327 1152 Ho

148 1188 225 1251 meri
251 1183 415 1251 heroibnsl
448 1187 540 1252 Nihil
571 1208 708 1273 prorsus.
757 1187 835 1268 Quis
864 1195 972 1254 autem
1004 1187 1162 1254 Achillem
1186 1193 1326 1278 cogitare

148 1297 243 1376 potest
282 1293 383 1356 nimia
424 1291 542 1358 Venere
575 1292 766 1380 languidum
801 1299 833 1360 et
868 1295 1074 1380 quantumvis
1109 1296 1174 1358 acri
1206 1296 1325 1381 proelio

147 1395 259 1460 lassum
282 1403 314 1462 et
336 1395 512 1482 imparem?
547 1398 605 1464 Est
622 1399 682 1464 hoo
703 1399 920 1466 diversissima
939 1407 1079 1484 tempora
1097 1419 1133 1464 eo
1153 1421 1256 1466 mores
1279 1379 1322 1466 te·

147 1522 227 1567 mere
256 1500 474 1567 confundentis
531 1502 593 1568 Sed
623 1507 658 1568 in
692 1503 870 1570 Ptolemaei
900 1507 989 1591 regia
1019 1505 1118 1568 etiam
1151 1505 1324 1570 fastidiosis

147 1606 347 1672 foeminarum
377 1608 508 1674 auribus
534 1613 601 1675 erat
623 1608 862 1676 consulendum.
908 1609 994 1674 Hinc
1018 1611 1052 1674 in
1075 1607 1233 1698 Odysseae
1255 1631 1323 1678 ver-

147 1712 240 1778 siculo
263 1723 299 1779 0.
326 1711 404 1780 373.

316 1825 375 1883 τῶν
399 1817 522 1899 ἔφαγόν
544 1821 574 1885 τ’
596 1819 679 1884 ἔπιόν
703 1844 738 1885 τε
764 1820 816 1884 axi
843 1819 994 1885 αἰδοίοισιν
1018 1818 1132 1898 ἔδωκα,

147 1944 182 1988 ne
202 1923 406 1990 mulierculae
426 1923 653 1989 offenderentur
673 1928 846 1990 commenti
866 1932 941 1990 sunt
960 1928 1166 2014 grammatici
1184 1925 1321 2012 aliquid,

147 2030 223 2113 qnod
245 2029 373 2098 difficile
397 2037 445 2094 est
468 2031 535 2096 aine
557 2033 624 2095 risu
646 2030 765 2096 audire.
812 2031 937 2116 Nempe
960 2032 1112 2096 αἰδοίοισιν
1136 2030 1234 2095 ἔδωκα
1256 2051 1321 2096 esse

147 2133 253 2206 ἱκέταις
276 2135 327 2200 rezi
352 2136 455 2206 αἰδοῦς
479 2133 574 2208 οἱξὶοις
599 2138 707 2201 ἔδωκα.
735 2135 955 2224 vide‘Sobolla
978 2137 1018 2202 ad
1041 2135 1153 2224 Odysa
1180 2145 1218 2200 0.
1245 2134 1320 2202 373.

147 2247 175 2304 et
203 2240 289 2306 iliad.
324 2252 360 2307 Χ.
396 2238 470 2304 124.
503 2247 537 2306 et
565 2251 611 2306 Ω.
641 2241 718 2308 208.
765 2241 894 2307 Poterat
916 2243 1077 2308 Eumaeus
1100 2250 1237 2324 πτωχοῖς
1260 2242 1320 2307 τιοὶ

147 2348 192 2409 sai
215 2349 343 2422 οἱλιὶταιι
369 2345 491 2430 aliquid
516 2345 656 2431 dedisse,
681 2355 713 2412 et
736 2347 836 2412 ἱκέται
860 2350 964 2412 αἰδοῖοι
984 2350 1100 2413 usitate
1120 2347 1319 2433 dicebantur,

146 2459 178 2515 ut
199 2451 307 2540 Odyss.
332 2462 369 2518 H.
398 2449 471 2515 165.
497 2453 629 2530 ἱκέτρσιν
654 2450 713 2531 οἶμ’
738 2453 889 2518 οοὶδοὶοισιν
913 2452 1036 2530 innisi,
1059 2452 1194 2518 sednon
1215 2454 1320 2522 οιὶδοὶοι

145 2575 194 2640 per
223 2579 254 2624 se
282 2559 431 2643 supplicae
454 2555 664 2644 significabat.
711 2557 774 2624 Sed
795 2559 894 2623 honos
916 2564 983 2622 erat
1006 2558 1168 2624 habendus
1191 2559 1320 2624 auribus

145 2669 365 2740 matronarum,
390 2665 424 2728 in
448 2683 582 2748 quarum
605 2666 744 2751 gratiam
763 2667 798 2728 in
817 2661 929 2751 Odyss.
954 2671 993 2727 Θ.
1014 2661 1192 2729 333-342
1211 2665 1319 2730 decem

145 2787 245 2835 versus
265 2772 297 2834 in
319 2770 412 2835 libris
435 2768 625 2854 quibusdam
647 2771 893 2834 omittebantur:
915 2769 944 2832 ἐν
967 2768 1050 2839 ἐνίοις
1072 2769 1273 2849 ἀντιγράφοις
1295 2770 1320 2834 οἱ

146 2872 213 2940 δέκα
235 2877 315 2956 ςὶχοι
335 2878 369 2941 οὐ
389 2873 533 2952 Φέρονται
556 2873 606 2938 διοὶ
626 2875 660 2938 τὸ
682 2874 938 2938 ἈΠΡΕΠΕΙΑΝ
960 2875 1137 2952 ἐμφαὶνειν,
1157 2875 1211 2940 sed
1228 2897 1320 2940 num-

145 2999 233 3064 quam
265 2985 326 3048 ista
357 2978 490 3046 artificia
519 2979 610 3044 bonis
640 2979 782 3044 moribus
806 2979 981 3063 quidquam
1005 2979 1189 3063 profuerunt
1212 2987 1245 3045 et
1268 2981 1319 3047 de·

145 3088 322 3170 sperandum
347 3087 385 3152 de
410 3104 464 3169 eo,
489 3087 542 3149 cni
566 3106 673 3149 versus
692 3083 856 3149 Homerici
874 3084 1022 3149 libidines
1042 3104 1170 3149 movere
1189 3091 1319 3169 possint,

145 3187 229 3258 Plato
250 3192 306 3258 illo
330 3203 472 3276 tempore
496 3191 588 3256 anxie
613 3189 836 3254 reformidabat
858 3211 898 3254 ne
921 3190 982 3255 loci
1004 3189 1135 3274 quidam
1155 3189 1320 3257 Homerici

145 3297 332 3363 inventutem
365 3299 400 3360 in
427 3299 548 3362 vitium
576 3295 749 3371 flecterent,
782 3315 882 3379 quum
911 3297 1054 3360 moribus
1077 3295 1200 3361 dudurn
1224 3297 1319 3362 diseo

144 3397 213 3468 lutis
234 3424 269 3468 ac
292 3403 428 3489 perditis
450 3401 540 3467 nulla
560 3400 698 3486 amplius
715 3399 856 3465 remedia
874 3402 1019 3485 prodesse
1037 3408 1173 3486 possent.
1210 3401 1320 3488 ltaque

144 3507 333 3574 Adsmrchea
356 3509 497 3582 οἱθετιὶσει
521 3529 605 3572 nunc
630 3505 757 3592 quidem
781 3525 844 3570 non
868 3509 1112 3592 acquiescemus.
1155 3507 1227 3572 Non
1250 3529 1319 3572 mu·

145 3609 337 3680 liercnlarum
357 3635 452 3678 causa
474 3612 552 3678 olim
575 3613 653 3676 haec
676 3611 897 3694 cantabantur,
918 3609 1006 3674 οἱλλὶο
1026 3616 1081 3683 τῆς
1102 3610 1319 3706 οἱνδρωνὶτιδος,

144 3717 193 3783 ubi
212 3741 278 3785 rem
301 3739 359 3784 suo
381 3721 510 3784 nomine
534 3716 690 3803 appellare
714 3725 782 3781 erat
804 3723 1002 3781 consuetum.

181 3824 377 3890 Enumerebo
406 3845 489 3889 nunc
522 3824 631 3889 ordine
663 3819 842 3906 complures
875 3820 953 3885 alios
983 3817 1115 3886 Homeri
1137 3819 1238 3897 locos,
1263 3821 1320 3886 ubi

145 3927 240 3996 doctos
262 3927 397 3996 Criticoa
420 3929 543 3995 videbis
566 3927 682 3992 chorda
705 3927 885 3992 oberrantes
909 3925 1030 3990 eadem.
1066 3924 1156 3989 Iliad.
1182 3937 1220 3990 Δ.
1240 3925 1316 3991 345.

143 4035 190 4098 ubi
211 4039 430 4124 Agamemnon
449 4033 670 4098 Menestheum
694 4037 726 4097 et
750 4029 899 4118 Ulyssem
922 4035 1085 4116 increpans
1110 4031 1238 4112 „princes
1265 4055 1315 4096 οοι

145 4139 179 4201 od
198 4143 298 4225 οριιὶοι
321 4141 398 4205 soleo
422 4137 550 4214 coccre”‚
578 4139 693 4221 inquit.

315 4245 385 4310 ἔνθα
408 4246 478 4326 φίλ’
502 4244 644 4307 ἱτταλὲοι
670 4243 742 4322 κρέα
768 4241 890 4320 ἔδμεναι
916 4243 966 4316 ἠδὲ
990 4241 1135 4306 κύπελλα

312 4349 386 4417 circo
407 4351 566 4428 πινέμεναι
590 4347 765 4428 μελιηδέος,
793 4347 861 4431 ὄφρ’
887 4339 1048 4422 itineres.
