3356 5084
874 329 940 403 524

300 501 304 507 Ι
356 525 436 617 Peg.
468 525 545 594 607.
578 524 633 592 28.
663 523 748 599 οὗτος
778 526 965 606 Εὐκτήμονα
995 524 1103 606 φήσας
1138 523 1197 596 τοὶς
1233 522 1382 606 ὑμετέρας
1415 519 1500 606 ἔχειν

312 633 458 717 εΞσΦορθις
483 633 535 699 καὶ
560 631 654 698 ταῦτ’
680 631 854 712 ἐξελέγξειν
878 634 895 710 ή
918 632 990 712 παρ’
1011 631 1122 695 ἑαυτοῦ
1143 630 1328 705 καταθήσειν
1351 627 1503 716 [iuncxi-

310 743 412 827 μενος]
428 740 533 804 -ἕτὶ
558 741 612 813 τήν
636 737 795 820 εἴσπραξιν
819 740 945 820 τιαρέδν.
981 737 1138 824 Expunge
1163 733 1383 816 ὑποσχόμενος.
1419 735 1503 802 Pen-

311 848 388 913 dent
411 849 494 912 enim
517 843 690 924 ἐξελέγξειν
715 851 747 912 et
770 846 956 920 καταθήσειν
975 865 1015 910 en
1036 843 1153 925 Φήσας.
1190 841 1380 907 Rectissime
1398 844 1503 930 igitur

311 957 416 1040 primo
446 973 561 1019 monus
591 955 625 1017 in
650 949 674 1017 S
697 955 806 1018 omisit
830 950 1051 1034 ὑτοσχθμενος.
1098 948 1211 1015 Dicam
1234 948 1273 1014 de
1296 947 1407 1014 eodem
1431 947 1502 1014 loco

312 1059 433 1145 aliquid
455 1058 547 1126 inira.
614 1107 624 1116 ε

356 1299 436 1388 Peg.
470 1297 546 1364 608.
577 1296 632 1363 21.
663 1297 753 1364 ἀλλὰ
784 1303 866 1374 τῶςς
900 1300 937 1370 cic
972 1299 986 1364 θ
1017 1295 1106 1377 νθμος
1135 1296 1270 1383 κελεθει,
1301 1303 1360 1363 τῶν
1395 1293 1501 1363 ἄλλων

311 1403 416 1472 ἕνεκα·
449 1411 538 1472 τοῦτο
569 1402 632 1486 esp
659 1405 703 1474 ε’τι
729 1402 902 1482 δημοτικόν.
948 1402 1097 1470 Totidem
1119 1405 1225 1472 verbis
1247 1403 1401 1491 leguntur
1422 1405 1501 1470 boec

310 1532 385 1601 pag.
417 1510 493 1578 751.
527 1510 559 1577 2.
590 1513 652 1576 nisi
681 1511 766 1596 quod
796 1511 935 1592 θνορεθει
968 1511 1214 1596 substituitpro
1238 1509 1367 1575 κελεύει.
1416 1511 1501 1592 Quid

311 1621 354 1684 sit
387 1622 495 1682 eutem
529 1619 589 1684 τῶν
624 1613 727 1682 ἄλλων
761 1613 852 1682 ἕνεκα
882 1636 984 1702 neque
1015 1615 1163 1704 intelligo
1197 1637 1298 1702 neque
1333 1616 1501 1682 emendare

309 1743 452 1810 possum.

355 1961 434 2050 Peg.
466 1960 542 2028 609.
575 1961 607 2028 2.
639 1963 727 2030 οὶλλθι
758 1963 831 2054 παρ’
865 1962 936 2040 ὑμῖν
966 1960 1044 2027 τθτε
1070 1961 1380 2028 vesanientem
1405 1965 1435 2028 έν
1460 1974 1499 2045 τῇ

311 2069 400 2134 ττθλει
425 2067 570 2146 plenum
596 2069 647 2134 έτδ
671 2075 729 2134 τῶν
747 2068 929 2152 τριήκοντα,
951 2066 1067 2138 πάντες
1088 2066 1126 2133 θιν
1146 2066 1271 2133 εἴποιτε.
1307 2069 1500 2136 Mendosum

315 2181 363 2240 est
387 2175 462 2240 τότε
485 2175 618 2240 τώτοτε.
653 2173 755 2240 Periit
775 2173 928 2240 articulus
950 2176 1045 2239 etsie
1063 2174 1279 2239 scribendum:
1301 2174 1378 2240 τθτε
1397 2183 1498 2240 ΤΩΝ

313 2285 437 2348 τιθτοτε
465 2281 628 2347 δεινότατα
651 2282 796 2361 ρέρονενρ
820 2280 1020 2365 Repetuntur
1041 2279 1150 2346 eedem
1171 2280 1269 2348 verbo
1291 2301 1365 2346 cum
1388 2282 1500 2347 eodem

310 2387 426 2454 mendo
458 2390 493 2453 in
526 2387 706 2454 iimoeratea
738 2409 811 2475 pag.
847 2385 923 2454 751.
957 2385 1008 2452 13.
1055 2385 1231 2453 Emendate
1253 2389 1403 2453 scribitur
1425 2408 1498 2474 pag.

311 2492 390 2561 705.
424 2492 456 2559 8.
488 2493 568 2573 νθαιρ
599 2501 699 2560 ΤΩΝ
730 2496 855 2560 τθτοτε
887 2494 916 2557 ἐν
945 2493 1016 2571 ὑμῖν
1039 2491 1183 2559 τεθέντων
1207 2494 1341 2575 αἰσχέςιρ
1365 2494 1418 2560 καὶ
1444 2495 1498 2560 δει-

312 2624 438 2681 νοτατιρ.

353 2841 433 2930 Peg.
469 2838 543 2906 609.
580 2838 633 2906 13.
668 2839 755 2906 θττθτ’
788 2839 941 2923 ἄνθρωπος
966 2840 1057 2916 τέννρς
1083 2840 1134 2917 -ή
1158 2841 1249 2920 τέγος
1274 2843 1312 2913 ὥς
1336 2842 1407 2912 τοὺς
1430 2841 1496 2920 ρεθ-

307 2972 397 3020 τονας
428 2945 604 3027 ὑπερβαίνοι
637 2945 653 3020 ή
681 2947 838 3013 θτιοδθοιτο
864 2948 921 3013 ὑπὸ
945 2947 1049 3022 κλίνην
1075 2947 1148 3027 ὑπέρ
1175 2953 1227 3013 τοῦ
1253 2949 1296 3025 μή
1322 2948 1368 3033 [vl
1392 2950 1498 3031 σῶμα]

308 3053 402 3126 ἁλοὺς
427 3056 469 3126 εἷς
489 3055 525 3119 τδ
551 3051 751 3134 δεσμωτήριον
774 3051 928 3120 ἕλκεσθαι.
957 3053 1091 3120 ¹Nescio
1114 3054 1198 3120 unde
1222 3056 1444 3140 importunum
1463 3054 1497 3118 rb

307 3165 399 3238 σῶμα
434 3160 612 3244 irrepserit,
643 3160 698 3224 sed
726 3161 788 3226 nisi
818 3161 1007 3246 expunxeris
1037 3163 1194 3226 sententio
1219 3179 1294 3225 sone
1324 3179 1388 3225 non
1419 3161 1497 3242 erit;

309 3271 467 3353 expuncto
490 3265 598 3331 omnio
619 3265 738 3331 babent
760 3268 891 3351 optime.

355 3488 477 3556 Iterum
508 3489 697 3576 deprensum
724 3494 772 3556 est
795 3494 1007 3556 correctorum
1030 3489 1151 3556 facinus
1174 3511 1246 3578 pag.
1275 3489 1351 3556 610.
1375 3491 1405 3554 4.
1434 3499 1497 3562 τοῖς

308 3595 366 3675 μέν
390 3595 503 3670 δούλοις
527 3595 562 3661 τὸ
586 3602 679 3675 σῶμα
702 3601 760 3661 τῶν
783 3595 982 3675 οὶδικνριοοθτων
1002 3595 1147 3660 οὶτοέντων
1168 3595 1330 3661 θτεθθννθν
1350 3598 1409 3674 ἔτι,
1434 3603 1495 3668 τοῖς

307 3702 332 3768 δ’
362 3701 522 3784 ἐλευθέροις
554 3701 613 3768 κθν
646 3702 689 3767 τοὶ
719 3701 847 3780 uisceri
878 3702 1038 3781 Τύχωτιν·
1053 3703 1224 3774 ἀδικοῦντες
1248 3702 1339 3768 τοῦτθ
1361 3702 1395 3781 γ’
1419 3701 1495 3770 ένετι

308 3813 415 3873 σῶσαι.
463 3807 515 3874 Sic
537 3808 613 3873 libri
633 3807 776 3894 plerique
796 3828 918 3874 omnes.
966 3806 1090 3893 Optimi
1108 3813 1216 3874 contre
1235 3805 1293 3872 κᾶν
1312 3809 1356 3873 τδ
1374 3807 1497 3886 μένιςα

307 3915 482 3996 Ἀτνχῶσιν
514 3917 631 3980 omisso
662 3913 845 3985 ἀδικοῦντες.
873 3912 1058 4000 -Scriptum
1083 3920 1150 3980 eret
1172 3921 1498 3980 ΤΑΜΕΓΙΕΤΑΤΤ·

308 4027 465 4095 XssCIN,
496 4020 580 4105 quod
610 4019 695 4086 male
723 4019 843 4086 lectum
867 4020 912 4085 τοὶ
937 4019 1056 4098 pieres
1080 4021 1216 4100 τύχωσιν
1238 4040 1295 4106 pro
1318 4021 1362 4086 τὰ
1386 4017 1494 4098 μέγαρ’

307 4126 465 4206 ἀτυχῶσιν
494 4125 653 4190 emblema
683 4127 805 4211 peperit
834 4126 1017 4196 ἀδικοῦντες.
1066 4127 1218 4192 Perverse
1242 4127 1347 4192 editur
1368 4127 1495 4205 μέγιτλ

308 4233 483 4312 Ἀτνχῶσιν
506 4232 598 4298 biatu
621 4231 837 4317 intolerabili,
862 4230 971 4317 quales
994 4231 1163 4298 Editornm
1181 4235 1263 4299 vitio
1281 4232 1364 4318 opud
1382 4233 1496 4299 Demo

305 4337 450 4404 sthenem
472 4335 643 4422 pullulent.
679 4335 779 4424 Saepe
802 4340 933 4424 entique
952 4339 1111 4404 scribendi
1131 4340 1210 4404 vitio
1230 4343 1267 4404 ut
1286 4339 1318 4404 b.
1331 4337 1352 4406 l.
1375 4345 1494 4406 veteres

307 4443 453 4514 elisiones
476 4444 627 4510 indicent.
