3296 5104
734 356 777 423 43

150 567 194 612 ne
224 547 322 612 verbo
351 546 482 632 quidem
511 549 637 614 mutato
664 545 718 612 vel
740 547 936 633 transposito.
985 545 1023 612 ln
1048 545 1252 612 Editionibus
1275 546 1344 630 qui-

152 653 247 730 dem,
283 673 302 720 o
336 654 432 731 bone,
470 659 502 719 et
535 655 570 718 in
605 649 775 719 Godieibus
805 651 883 718 Mss.
916 655 1065 718 omnibus
1095 657 1220 738 praeter
1242 671 1344 716 unum

153 761 302 824 omnium
325 762 511 846 prinoipem.
558 759 683 845 Nempe
706 761 739 824 111
764 758 829 824 solo
853 757 876 824 S
900 761 1055 845 seriptum
1079 767 1144 824 est:
1170 759 1270 838 οἱμὲν
1291 757 1345 834 ἤδη

152 865 342 932 πεπόνθασιν
362 858 383 932 θ
403 867 438 938 te
460 873 752 932 ΠΕΠΟΝΘΛΟΙΝ.
789 864 877 930 Haeo
895 871 1020 932 verset
1040 867 1171 951 antiqua
1190 867 1347 949 scripture

153 978 222 1050 est,
253 993 351 1058 quam
382 973 461 1039 olim
493 973 661 1058 utrobique
691 973 864 1056 repositam
889 975 1040 1057 oportuit.
1087 971 1211 1056 Nempe
1235 972 1280 1035 sio
1301 969 1347 1035 lo

152 1085 298 1162 quuniur
326 1081 383 1164 qui
413 1099 487 1164 pree
517 1079 636 1165 pudore
668 1083 724 1143 eut
751 1076 857 1142 dolore
880 1099 948 1144 rem
971 1083 1099 1165 turpem
1121 1083 1178 1143 eut
1200 1076 1346 1142 seerbem

153 1183 272 1251 diserte
292 1205 539 1251 commemorare
557 1206 621 1251 non
640 1189 709 1249 sust
710 1186 814 1262 inent,
784 1183 890 1248 ised
906 1203 977 1249 eem
989 1183 1191 1250 audientibus
1203 1201 1239 1247 ee
1250 1181 1347 1266 probe

153 1290 329 1355 seientibus
356 1289 600 1378 intelligendum
623 1289 801 1375 relinquere
823 1288 1014 1367 meluut,
1015 1287 1117 1354 tHel
1117 1308 1175 1354 ene
1197 1289 1232 1352 111
1254 1286 1347 1352 Euri·

152 1395 241 1482 pidis
269 1395 370 1462 Oroete
391 1418 439 1462 vs.
464 1394 517 1463 79.

543 1500 671 1566 ἔπλευσ’
695 1497 775 1574 όποις
801 1498 950 1567 ἔπλευσα.

152 1607 191 1672 id
220 1613 268 1673 est
297 1605 377 1680 όπιις
409 1606 436 1673 δ’
468 1604 608 1672 ἔπλευσα
642 1609 787 1685 αἰδοῦμαι
818 1609 875 1685 μὲν
906 1606 1029 1685 λέγειν,
1064 1607 1152 1684 ὑμεῖς
1176 1605 1202 1670 δ’
1227 1603 1260 1671 εὖ
1285 1603 1342 1673 les.

153 1711 285 1779 Similia
307 1714 359 1778 his
382 1713 472 1800 large
494 1734 593 1778 manu
616 1713 728 1778 effudit
750 1712 939 1779 Bloomfield
963 1715 1003 1780 ad
1027 1712 1177 1801 Aeschyli
1197 1717 1346 1794 Αρονσονο·

153 1841 259 1882 νουονυυν
281 1839 329 1884 ve.
354 1816 407 1882 66.
432 1817 587 1896 βλαςοῦσ“
612 1814 691 1892 όπιος
714 1818 873 1896 ἔβλαςεν,
895 1819 1004 1897 ἱκόμην
1022 1816 1061 1884 ἔν’
1082 1819 1208 1898 ἱκόμην,
1229 1817 1347 1897 ἔγημεν

153 1926 192 1996 ὥς
225 1922 363 2002 ἔνειμεν,
396 1925 506 2003 γέγηθ’
530 1922 608 1998 ὅπως
634 1925 778 2004 νόννθα,
804 1924 918 1990 όλιολεν
942 1926 979 1997 ὦς
1004 1923 1136 2000 θλυλεν,
1163 1924 1283 2006 ἔκυρσεν
1307 1927 1346 1998 ὥς

153 2029 295 2110 ἔκυρσεν,
320 2038 354 2096 et
376 2031 440 2097 elis
462 2032 563 2118 pluro.
611 2030 648 2096 111
672 2034 812 2097 oratione
834 2031 981 2117 populari
1003 2034 1037 2096 in
1060 2031 1161 2097 simili
1182 2033 1348 2097 reticentia

152 2135 269 2202 voouls
293 2146 351 2201 ΔΗ
377 2140 562 2223 apponitur,
586 2144 625 2202 ut
647 2137 926 2223 111111110111111111
948 2138 1117 2218 Ινρσίσθνοόο
1142 2136 1217 2202 146.

338 2245 363 2308 si
388 2243 413 2307 δ’
437 2246 475 2318 ὥς
499 2245 611 2321 odire·
635 2243 822 2326 ἀπεχοίμεθ’
845 2239 878 2308 οὖ
905 2245 942 2310 σὺ
967 2243 1001 2318 δὴ
1025 2245 1142 2322 otyor.

153 2351 230 2432 quis
259 2353 313 2413 τοῦ
345 2351 433 2420 πέους
465 2349 569 2416 dicere
601 2351 769 2416 erubescit.
817 2348 870 2415 Sie
900 2352 1003 2435 igitur
1032 2341 1053 2415 όν
1084 2351 1140 2427 δή,
1173 2347 1275 2416 ὅντινα
1306 2352 1342 2428 δή

151 2457 288 2540 repetito
308 2456 405 2522 verbo
421 2456 533 2522 eodem
553 2463 740 2522 consuetum
761 2462 809 2522 est
828 2456 941 2521 dicere.
977 2455 1170 2543 Hoogeveeu
1182 2457 1221 2522 ed
1233 2457 1341 2546 Vigor.

153 2582 183 2646 p.
219 2559 274 2626 27.
307 2583 347 2627 ex
377 2560 521 2628 Aristide
549 2568 581 2628 et
603 2561 775 2628 Heliodoro
800 2562 903 2628 effert:
930 2563 1086 2641 προεόλετο
1110 2557 1212 2627 όντινα
1235 2551 1343 2640 dissui

153 2666 328 2745 τροεόλετο,
359 2673 391 2732 et
422 2665 544 2748 ἔδρασεν
575 2663 606 2744 θ’,
638 2692 668 2733 τι
700 2669 735 2743 to
767 2668 819 2731 soi
851 2665 992 2747 ἔδρασεν,
1024 2669 1079 2734 sed
1107 2675 1182 2734 sunt
1203 2670 1281 2736 heeo
1303 2672 1343 2737 ub

153 2775 293 2858 uertiquis
317 2778 433 2838 sumta.
391 2773 602 2839 tatDemos
602 2774 726 2839 henes
716 2794 784 2858 lpse
804 2794 876 2861 pag.
899 2773 975 2839 208.
998 2773 1062 2839 2,“
1050 2773 1158 2855 εκατερ
1161 2799 1184 2839 οι
1144 2782 1343 2855 ρμισοῦσιν

154 2875 202 2950 οὓς
243 2887 302 2942 ΔΗ
338 2902 497 2958 μισονσιν,
530 2883 637 2946 etsie
667 2879 753 2945 11.1.
786 2879 970 2946 πεπόνθνθασιν
1001 2873 1023 2946 θ
1058 2891 1114 2946 ΔΗ
1146 2883 1343 2948 πεπόνθασιν.

152 2983 245 3050 Nihil
276 2985 507 3072 impediique
531 2989 640 3051 minus
662 2988 697 3050 in
720 2986 780 3052 teli
802 3008 836 3052 re
858 2992 942 3052 reete
910 2986 1050 3053 tedieet
1036 2994 1090 3052 tur
1112 2981 1340 3054 πεπόνθασιν
1321 3015 1343 3054 α

155 3091 271 3162 πιόντες
305 3092 426 3168 ἴσασιν,
457 3099 495 3158 ut
522 3093 606 3178 apud
629 3091 800 3158 Isocratem
823 3093 905 3158 Phil.
931 3114 1004 3181 peg.
1033 3092 1086 3158 94.
1112 3113 1141 3158 Β.
1166 3092 1233 3158 ὥσθ’
1259 3098 1343 3173 ἡμᾶς

153 3198 209 3276 μὲν
244 3198 355 3262 παθεῖν
388 3198 410 3263 ἃ
447 3197 561 3270 πάντες
594 3197 715 3274 ἰ’σασιν,
749 3198 804 3264 sed
836 3201 925 3264 tenui
957 3205 1103 3286 certoque
1133 3200 1252 3266 iudicio
1284 3211 1343 3268 ΔΗ

155 3305 304 3369 additum
336 3325 444 3370 veram
473 3304 643 3371 lectionem
666 3305 814 3370 ostendit.
862 3305 984 3392 Magne
1006 3308 1108 3393 igitur
1130 3306 1274 3372 habende
1297 3315 1345 3374 est

156 3405 267 3476 Codioi
290 3408 314 3474 S
336 3413 457 3498 gretie,
486 3413 542 3497 qui
561 3410 648 3477 solus
665 3432 775 3477 vorem
795 3411 965 3478 lectionem
985 3413 1024 3478 ab
1042 3413 1175 3478 interitu
1195 3417 1342 3481 servavit.

200 3621 280 3710 Peg.
317 3620 392 3687 149.
426 3619 456 3686 1.
480 3623 513 3689 τό
535 3625 605 3688 ποτ’
629 3621 677 3690 οὖν
702 3623 819 3697 ἔκεόνοις
844 3633 907 3696 τοῖς
930 3622 1037 3696 ἄλλοις
1063 3624 1114 3689 καὶ
1141 3627 1211 3703 ὑμῖν
1236 3629 1268 3692 οόι
1294 3629 1346 3694 τόν

155 3730 250 3795 αὐτόν
281 3728 390 3808 τρόπον
419 3731 645 3812 προσφέρεται
670 3729 808 3797 Mirifice
830 3733 1001 3816 oppositio:
1026 3731 1143 3804 ἐκείνως
1173 3771 1214 3782 -
1239 3735 1271 3798 οὐ
1295 3738 1347 3802 τὸν

157 3835 250 3899 αὐτόν
282 3834 408 3914 τρόπον,
440 3838 495 3904 sed
525 3858 635 3904 veram
666 3837 837 3903 lectionem
868 3838 907 3902 ob
938 3837 1123 3904 Editoribus
1144 3840 1346 3925 repudiatam

156 3943 297 4008 servavit
327 3941 414 4008 solus
446 3942 485 4010 S:
518 3941 569 4007 καὶ
604 3943 675 4020 ὑμῖν
710 3947 851 4008 τοῦτον
874 3941 943 4008 τὸν
980 3944 1090 4024 τρόπον
1122 3946 1342 4029 προσφέρεται;

157 4045 323 4112 Usitetum
354 4053 402 4114 eet
431 4049 580 4116 omnibus
609 4049 729 4116 dicere:
763 4049 923 4121 ἐκείνων
954 4051 1012 4127 μὲν
1034 4059 1096 4124 τοῖς
1122 4050 1249 4132 ἄλλοις,
1276 4055 1346 4133 ὑμῖν

158 4155 188 4219 δὲ
219 4151 321 4219 οὕτω
351 4155 577 4238 προσφέρεται,
609 4162 641 4222 et
664 4176 790 4241 prorsus
812 4157 898 4222 idem
926 4163 974 4222 est
996 4154 1088 4228 οὕτως
1113 4162 1146 4223 et
1168 4165 1273 4225 τοῦτον
1296 4165 1347 4229 τόν

157 4259 278 4340 τρόπον.

191 4365 508 4452 Mendoseseriptura
517 4365 682 4435 estinlooo
694 4389 789 4454 quem
799 4367 947 4434 falsarius
959 4367 1110 4433 describit
1120 4390 1194 4458 pag.
1206 4370 1280 4439 105.
1292 4373 1346 4442 17.

158 4473 189 4542 τό
201 4479 271 4540 ποτ’
283 4466 332 4538 οὖν
347 4473 463 4548 ἔκεθνυς
476 4481 538 4548 τοῖς
548 4471 654 4550 ἄλλοις
664 4474 717 4541 καὶ
726 4478 758 4541 οὐ
768 4475 919 4540 τθναθτθν
927 4471 1035 4556 τρόπον
1047 4475 1117 4554 ὑμῖν
1128 4477 1345 4564 προσφέρεται,
