3308 5090
714 355 757 426 65

137 565 230 632 quae
253 548 403 616 continuo
426 553 618 634 sequuntur,
640 548 725 615 unde
747 547 837 614 loona
858 549 891 616 in
915 551 1034 617 vicinia
1055 550 1161 619 lucem
1185 554 1337 640 aooipiet:

137 653 194 719 δεῖ
221 655 257 729 δίς
289 660 395 720 ταῦτα
426 657 595 728 ἐπανέντας
628 655 679 720 καί
704 655 787 733 ὑμῶν
812 658 913 721 αὐτῶν
937 653 981 722 ἔτι
1006 656 1058 721 καί
1084 662 1134 724 νῦν
1157 659 1336 737 γενομένους

139 763 242 828 κοινὸν
265 762 316 827 καί
341 761 376 826 τὸ
401 761 504 840 λέγειν
527 761 579 826 καί
604 761 640 826 τί
663 761 866 839 βουλεύεσθαι
893 762 945 827 καί
969 761 1005 826 τί
1029 763 1176 844 τροθττειν
1200 773 1336 840 ποιῆσαι.

192 868 282 949 Quae
304 873 480 954 sequuntur
501 868 650 953 pleraque
673 870 781 935 omnia
799 889 838 934 ex
856 867 929 934 aliia
948 873 1043 955 atque
1060 869 1132 936 aliia
1150 869 1337 939 Demosthe·

139 977 196 1040 nie
226 973 305 1040 loeis
335 976 549 1040 consarcinata
580 978 671 1052 aunt,
702 979 740 1040 ui
767 993 841 1062 pag.
877 973 953 1040 172.
977 974 1031 1041 12
1053 976 1153 1042 καίτοι
1176 977 1335 1058 σκέψασθε

141 1085 211 1154 πῶς
244 1079 294 1145 ἐπί
326 1086 385 1146 τῶν
416 1081 567 1160 τρογθνοιν
590 1081 683 1146 ταῦτ’
707 1076 813 1160 εἶχεν·
839 1081 872 1146 οὐ
897 1081 960 1161 γὰρ
982 1082 1154 1162 ἀλλοτρίοις
1180 1082 1251 1162 ὑμῖν
1274 1107 1337 1149 τα-

141 1186 337 1266 ραδείρμασι
371 1185 575 1267 χρησαμένοις
606 1184 706 1262 ἔξεσθ’
737 1178 759 1252 dc
786 1185 932 1266 ,προσήκει
964 1185 1112 1267 τροίττειν
1143 1187 1263 1256 εῖδέναι.
1296 1211 1336 1256 ex

142 1315 221 1382 pag.
255 1291 309 1359 85.
344 1293 373 1358 l.
406 1295 439 1360 οὐ
472 1293 535 1374 γὰρ
569 1293 740 1374 ἀλλοτρίοις
777 1294 849 1371 ὑμῖν
881 1292 1047 1376 χρωμένοις
1082 1295 1336 1377 παραδείγμασιν

145 1403 221 1467 ἀλλ’
244 1400 361 1474 οἰκείοις
386 1399 561 1478 εὐδαίμοσιν
585 1397 666 1476 θξεςι
690 1397 845 1478 γενέσθαι.

192 1507 280 1588 Quae
311 1507 389 1573 haee
420 1508 583 1592 excipiunt
613 1526 689 1593 pag.
723 1503 801 1570 172.
834 1503 887 1570 14.
916 1505 1021 1571 ἐκεῖνοι
1046 1506 1243 1585 Θεμιτοκλίοι
1267 1509 1333 1575 κτὲ.

144 1615 302 1700 descripta
324 1617 399 1678 aunt
422 1633 460 1678 ex
484 1613 687 1678 Ατῖιθυιτοίοσ
707 1632 781 1699 pag.
808 1608 884 1676 686.
910 1611 941 1675 4.
965 1613 1020 1678 aod
1044 1634 1081 1679 ea
1102 1618 1230 1681 lanium
1249 1636 1335 1684 oom-

143 1720 278 1804 parabo,
302 1740 382 1805 quae
405 1719 545 1803 aliquem
567 1739 663 1784 usum
685 1720 834 1784 orilioum
857 1717 983 1783 habent.

189 1825 326 1912 Legitur
347 1846 421 1913 pag.
450 1822 524 1890 172.
550 1823 605 1890 20.
629 1824 679 1901 μοὶ
704 1822 757 1889 Δί’
781 1824 815 1889 od
838 1828 980 1904 χαλκοῦς
1000 1821 1114 1894 ῖςασαν
1135 1864 1177 1878 -
1199 1828 1275 1894 ἀλλ’
1293 1830 1333 1902 oe

145 1941 290 1998 ΟΤΔΕΝ
314 1931 414 1996 αὐτῶν
434 1931 585 2010 κρείττους
605 1929 695 2005 ὄντας
716 1928 811 2004 οὕτως
832 1931 956 2007 ἐτίμων.
990 1931 1063 1998 Non
1075 1936 1173 2000 senoil
1184 1933 1335 2021 Sophiste
1365 1934 1371 1944 “

143 2059 174 2105 ee
208 2039 347 2105 absurda
375 2037 474 2123 loqui.
522 2035 600 2118 Quis
630 2039 716 2103 enim
747 2057 842 2102 sanus
870 2037 1022 2104 honorem
1051 2039 1148 2105 habet
1177 2040 1220 2121 τῷ
1251 2042 1333 2107 οὐδὲν

143 2146 250 2211 ἑαυτοῦ
283 2145 429 2226 κρείττονι
458 2141 541 2210 θντιί
571 2143 676 2211 Nemo
699 2142 814 2210 hercle.
861 2142 993 2212 Saniora
1017 2145 1106 2211 dabit
1127 2147 1195 2233 ipae
1218 2145 1334 2214 Demo·

143 2253 269 2318 atheneo
292 2273 367 2340 pag.
393 2249 469 2316 686.
494 2251 548 2316 10.

187 2467 269 2555 Pag.
303 2461 379 2530 172.
412 2462 466 2529 24.
498 2465 564 2529 οὐδὲ
596 2466 651 2540 τὴν
675 2464 705 2528 ἐν
728 2466 892 2546 Μαραθῶνι
916 2464 1026 2545 μθχςν
1050 2463 1244 2545 Μιλτιιίδου,
1267 2488 1334 2533 me-

143 2575 206 2640 lius
235 2593 309 2661 pag.
345 2569 422 2636 686.
454 2569 510 2636 20.
533 2572 588 2646 τθρν
611 2573 786 2651 Μαραθῶνι.
833 2569 871 2636 In
894 2572 1003 2637 Attico
1023 2573 1188 2651 Μαραθῶνι
1210 2577 1258 2639 est
1281 2573 1335 2640 od·

143 2681 289 2748 verbium
332 2698 390 2743 neo
432 2680 697 2763 praepositionem
737 2677 892 2743 admittit.
946 2677 1113 2744 Miltiades
1146 2681 1214 2765 ipso
1248 2679 1334 2766 apud

144 2785 334 2873 Eupolidem
358 2786 405 2848 ita
428 2784 524 2849 dieii:

345 2891 379 2955 σθ
403 2888 466 2970 γαρ
489 2889 538 2966 μοὶ
562 2890 617 2963 τίιν
640 2890 805 2970 Μαραθῶνι
828 2889 884 2964 τίρν
907 2888 983 2966 ἐμίρν
1007 2886 1119 2973 μοίχιρν

345 2995 463 3078 χαίρων
487 3019 535 3066 τις
559 2995 659 3060 αὐτῶν
683 2996 795 3072 τοθριὸν
819 2996 955 3075 σἰλγυνεῖ
975 2995 1058 3078 κίαρ.

181 3211 262 3299 Pag.
290 3205 367 3275 178.
393 3207 422 3273 l.
446 3207 568 3296 legitur
590 3209 625 3272 in
648 3205 687 3272 S:
710 3206 769 3279 τὰς
790 3208 848 3284 μὲν
869 3207 905 3282 δίς
925 3209 1090 3284 τολιτιιιθις
1111 3209 1328 3291 δαρεθςοθτιος

140 3317 243 3383 ε’κεῖνσί
274 3340 310 3380 τε
342 3319 445 3386 καλῶς
477 3313 529 3378 καί
562 3316 650 3391 ἡμεῖς
681 3315 734 3380 οὐκ
765 3315 868 3395 ὀρθῶς·
900 3316 960 3389 τὰς
993 3315 1025 3383 δὲ
1047 3323 1105 3383 τῶν
1128 3315 1218 3394 ξέναν
1241 3323 1326 3396 τῶςρ

140 3423 195 3488 Fal
215 3427 311 3491 vetuo
332 3420 447 3486 lacuna
469 3441 566 3506 quam
586 3426 741 3486 correptor
757 3423 861 3486 neseio
881 3423 953 3507 quis
972 3421 1113 3508 explevit
1131 3429 1203 3509 post
1222 3431 1328 3497 καλῶς

139 3530 302 3596 inserendo
326 3526 450 3606 ἔνεμον,
475 3534 507 3592 et
531 3525 613 3592 alius
637 3525 785 3592 ἐδίδοσαν.
831 3525 1001 3594 Exciderat
1022 3549 1105 3594 unua
1126 3550 1236 3596 versus
1255 3551 1328 3618 aup-

138 3635 271 3722 plenduo
295 3655 334 3700 ex
357 3654 431 3722 pag.
457 3629 533 3698 686.
557 3630 612 3698 26.

645 3735 737 3812 οὕτως
763 3739 870 3805 ἐκεῖνοί
892 3764 928 3804 τε
952 3745 1055 3814 καλῶς

410 3843 474 3932 [καί
499 3845 739 3919 λυσιτελούντως
762 3846 883 3921 ἑαυτοῖς
907 3845 1057 3932 ἐδίδοσαν]

406 3951 457 4016 καί
483 3955 572 4028 ἡμεῖς
596 3955 649 4017 οθιι
672 3953 769 4034 ὀρθῶς.

173 4061 267 4127 Nune
278 4079 435 4146 magnum
446 4060 547 4124 nostri
558 4056 726 4144 sophistae
737 4059 900 4148 flagitium
912 4062 1099 4145 aperiemus.
1113 4079 1188 4148 pag.
1203 4058 1278 4127 178.
1293 4060 1323 4128 8.

136 4167 238 4232 ἐκεῖνοι
272 4167 404 4250 (inquil)
435 4163 553 4229 Μίνυνι
577 4167 620 4247 τῷ
645 4166 810 4246 Φαρσαλίῳ
836 4165 952 4232 διίδεκα
976 4165 1033 4243 μὲν
1056 4165 1203 4232 τοθλαντα
1228 4169 1325 4248 αργυ-

137 4274 195 4352 ρίου
219 4272 300 4338 δθντι
326 4271 398 4352 τρίς
421 4272 472 4337 τὸν
496 4272 537 4336 ἔτ
569 4270 662 4337 Ἠιθνι
687 4282 725 4353 τῇ
749 4272 821 4354 τρίς
839 4271 1035 4354 ἈμΦιτθλει
1054 4272 1204 4352 τθλεμον,
1226 4274 1325 4342 διακο-

137 4378 210 4448 σίοις
242 4379 269 4444 δ’
302 4377 429 4442 ίττεῦσι
459 4377 601 4452 τενέςαις
626 4377 708 4450 ἰδίοις
731 4379 917 4457 βοηθήσαντι
941 4387 1025 4445 O'rl(
1050 4379 1245 4462 ἐψηφίσαντο
1270 4407 1325 4450 το-

138 4485 257 4550 λιτείαν
278 4485 352 4548 ἀλλ’
372 4481 516 4550 ἀτέλειαν
536 4482 650 4552 ἔδωκαν
671 4483 769 4563 μθνον.
803 4483 966 4571 Surripuit
984 4485 1113 4551 haeoex
1125 4486 1328 4556 Aristocraten

1137 4593 1152 4638 ο
