3296 5104
709 353 750 422 17

124 547 175 612 les
200 567 239 612 ex
262 547 424 614 similibus
446 547 640 632 interpolari.
687 547 767 636 Pag.
792 547 845 614 22.
870 551 904 614 in
923 549 995 615 aliis
1014 550 1105 617 libris
1123 556 1171 616 est
1193 551 1321 639 [νισσῦσι

125 652 197 738 καὶ]
223 652 403 732 ςασιοὶζουσι
427 653 479 716 καὶ
504 652 759 732 τεταραγμένοις.
809 653 887 742 Pag.
911 654 985 721 113.
1007 656 1151 742 Philippi
1171 661 1321 743 perforati

124 759 268 824 hominis
290 760 410 824 bonum
434 760 557 824 dietum
580 761 685 845 periit.
723 763 928 842 Αορνοιοιιθσνι
947 763 1072 826 amicum
1092 764 1187 828 uisere
1205 763 1320 831 Graeci

124 865 239 929 dieunt
271 865 503 930 ἕπισκοποῖσθαί
533 889 613 930 τινα.
659 865 745 931 Hine
776 865 920 953 Philippi
950 871 1038 934 iocus
1062 870 1320 952 ἕτισκεψουένους

125 970 189 1051 ἔφη
223 973 293 1044 τοὺς
330 973 501 1054 ςρατιύτας
537 971 757 1050 πεπομφέναι·
794 975 996 1039 πυνθάνεσθαι
1033 975 1095 1056 γὰρ
1131 978 1243 1048 αὐτοὺς
1278 981 1318 1050 ὥς

124 1083 263 1144 νοσοῦσι·
293 1081 474 1158 συμμάχων
508 1078 533 1142 δ’
562 1074 637 1142 εἶναι
663 1077 715 1142 καὶ
740 1077 839 1160 Φίλων
864 1082 1010 1151 οὶλκθινῶν
1034 1083 1064 1145 ἐν
1088 1091 1151 1152 τοῖς
1175 1085 1318 1154 τοιούτοις

123 1193 239 1264 καιροῖς
260 1193 413 1262 παρεῖναι.
462 1181 612 1269 Corrupit
631 1205 760 1249 omnem
779 1184 857 1250 dicti
876 1185 1017 1272 leporem
1038 1190 1093 1272 qui
1114 1192 1185 1252 κατ’
1201 1189 1319 1254 εύνοιαν

124 1291 164 1356 de
200 1312 257 1356 suo
292 1291 431 1356 addidit:
463 1291 540 1356 haeo
572 1288 658 1355 enim
688 1294 758 1375 ipsa
789 1290 888 1356 εύνοια
920 1297 968 1357 ast
998 1293 1033 1358 τὸ
1064 1294 1133 1366 τοὺς
1158 1301 1318 1367 νοσοῦντας

124 1397 377 1472 ἐπισκοπεῖσθαι,
414 1395 468 1462 sed
502 1395 596 1482 plane
632 1417 759 1462 omnem
794 1399 902 1462 ioeum
937 1400 1154 1483 pessumdedit
1187 1403 1242 1486 qui
1278 1401 1318 1466 ad

124 1509 243 1569 νοσοῦσι
275 1503 314 1568 de
343 1523 400 1567 suo
431 1501 598 1588 adscripsit
629 1503 680 1567 καὶ
712 1503 911 1584 ςασιύζουσιν
942 1506 972 1567 ἐν
997 1506 1112 1574 αὐτοῖς.
1160 1506 1318 1572 Feruntur

124 1615 234 1674 tamen
264 1610 342 1674 haee
370 1611 405 1673 in
436 1609 585 1674 omuibus
615 1608 719 1682 libris,
752 1613 815 1674 uisi
838 1609 921 1695 quod
945 1609 967 1674 S
991 1612 1021 1674 ἐν
1045 1611 1149 1682 αὐτοῖς
1174 1615 1314 1677 omittit:

122 1716 178 1782 sed
209 1717 293 1781 unde
316 1711 603 1800 propullulaverint
626 1716 688 1780 ista
711 1718 819 1780 omnia
844 1715 1003 1782 similium
1026 1717 1169 1783 locorum
1192 1739 1317 1804 eompa-

124 1824 205 1886 ratio
229 1824 379 1886 continuo
402 1821 549 1886 ostendit

169 1927 249 2008 Quis
279 1928 382 2014 igitur
411 1927 583 1992 mirabitur
610 1947 685 2014 pag.
717 1924 790 1990 123.
827 1947 882 2011 pro
914 1933 1075 2000 νοσοῦντας
1100 1931 1129 1993 ἕν
1153 1931 1256 2002 αὑτοῖς
1282 1932 1315 1993 in

123 2033 286 2099 nonnullis
308 2033 375 2120 legi
393 2039 551 2104 νοσοῦντος
577 2033 607 2096 ἔν
632 2035 736 2102 αὐτοῖς
761 2034 812 2096 αα1
838 2033 1108 2112 τεταραγμένους1
1155 2035 1233 2116 Quis
1252 2057 1315 2101 non

123 2142 234 2204 statim
266 2139 353 2205 videt
385 2139 563 2204 adhaesisse
593 2138 670 2204 haee
692 2159 730 2204 ex
754 2157 828 2226 pag.
854 2138 908 2202 22.
933 2136 1150 2204 81110111
1176 2147 1208 2206 et
1231 2163 1315 2206 nune

123 2245 347 2310 Demosthenis
375 2243 509 2310 lectores
540 2251 572 2308 et
604 2244 811 2309 admiratores
841 2243 1127 2329 praeclarissimam
1157 2266 1315 2331 quamque

122 2355 204 2432 Ιἑοῖσιν
228 2351 379 2416 tenebant
401 2352 587 2416 memoriter
610 2355 642 2416 et
665 2351 740 2415 hine
762 2360 870 2416 erebro
892 2350 967 2416 illae
991 2350 1187 2417 confusiones
1206 2370 1311 2416 nasea-

126 2457 251 2523 bantur.
397 2469 399 2474 '
1284 2497 1289 2504 ·

167 2563 257 2630 Dabo
281 2562 418 2628 altemm
443 2561 637 2646 exemplum.
682 2562 818 2650 Legitur
839 2583 912 2650 pag.
938 2561 992 2626 23.
1017 2561 1071 2628 27.
1096 2567 1146 2626 νῦν
1169 2563 1226 2638 μὲν
1249 2564 1313 2626 ἐπι-

122 2677 226 2733 σκοτεῖ
254 2668 372 2739 τούτοις
403 2669 437 2731 τὸ
470 2669 646 2746 κατορθοῦν·
678 2671 711 2733 αἱ
745 2669 807 2746 γὰρ
831 2667 995 2744 εὐπραξίαι
1017 2668 1109 2733 isreal
1135 2669 1313 2747 συγκρύψαι
1399 2711 1401 2716 ,

121 2776 163 2838 τοὶ
193 2777 327 2838 τοιαῦτα
357 2773 462 2845 ὀνείδη.
506 2772 560 2838 Sic
592 2772 615 2838 S
646 2780 677 2839 at
707 2775 869 2841 meliores:
900 2777 934 2838 in
967 2774 1039 2839 aliis
1063 2779 1109 2839 est
1133 2773 1312 2853 συγκρύψαι

121 2880 172 2944 καὶ
205 2881 374 2945 συσκιάσαι
407 2885 462 2944 ant
489 2881 667 2957 συγκρύψαι
692 2903 742 2958 γρ.
766 2883 933 2945 συσκιύσαι
959 2886 1015 2946 aut
1038 2881 1216 2960 συγκρύψαι
1242 2882 1310 2944 cirri

120 2992 172 3050 τοῦ
204 2989 382 3052 συσκιύσαι.
429 2985 520 3051 Unde
550 2986 629 3050 haec
659 2985 787 3051 omnia?
816 2987 941 3072 Nempe
971 3009 1010 3052 ex
1040 2989 1181 3052 oratione
1205 2991 1313 3072 spuria

119 3113 192 3180 pag.
229 3092 301 3157 155.
332 3093 387 3158 22.
420 3098 468 3156 νῦν
500 3093 556 3169 μὲν
590 3092 625 3155 τὸ
659 3095 820 3171 κατορθοῦν
844 3093 937 3157 αὐτὸν
963 3094 1121 3157 ἐπισκοτεῖ
1142 3096 1222 3156 ποῖσι
1245 3101 1308 3165 τοῖς

119 3199 282 3268 τοιούτοις·
313 3201 346 3262 αἱ
378 3202 440 3278 γὰρ
472 3197 635 3278 εὐπραξίαι
660 3198 753 3260 bairai
778 3199 958 3280 συγκρύψαι
982 3199 1035 3263 κα1
1059 3199 1227 3265 συσκιύσαι
1251 3203 1311 3269 τὰς

120 3306 278 3386 ἁμαρτίας
297 3312 356 3369 τῶν
376 3305 534 3384 ύνθρύποιν
554 3303 643 3388 εἰσίν,
664 3304 721 3368 ubi
745 3325 800 3389 pro
824 3306 882 3376 rias
907 3305 1066 3383 ἁμαρτίας
1089 3307 1124 3368 in
1147 3304 1308 3370 nonnullis

117 3411 241 3500 legitur
259 3411 301 3476 τὰ
313 3417 444 3476 τοιαῦτα
456 3411 561 3484 ὀνείδη.
596 3409 839 3495 Interpolaiores
850 3431 1089 3496 nonnumquam
1101 3410 1139 3476 de
1151 3411 1309 3476 industria

120 3520 309 3584 senientiam
340 3516 547 3583 Demostheni
578 3516 754 3580 sublestam
788 3516 896 3602 aliqua
927 3516 1112 3581 diversitate
1140 3517 1310 3582 verborum

120 3625 267 3713 obtegere
299 3629 331 3688 et
357 3627 402 3688 111
426 3645 483 3689 sua
506 3622 591 3688 {urta
615 3620 816 3687 dissimulare
839 3621 957 3698 solent,
982 3622 1037 3688 sed
1059 3621 1112 3688 vel
1133 3625 1178 3688 111
1202 3628 1309 3688 tamen

121 3730 204 3796 imus
226 3729 378 3816 perpluit.

164 3941 371 4008 Ostendimus
402 3941 479 4007 alibi
508 3942 680 4020 παρεῶσθαι
705 3943 973 4019 11παρεωρο1σθαι
998 3944 1081 4008 inter
1103 3965 1136 4010 sa
1158 3943 1308 4009 confundi

120 4048 227 4115 solere.
275 4046 357 4113 Vera
388 4049 543 4132 scriptura
575 4049 676 4112 evasit
706 4065 779 4132 pag.
813 4045 867 4111 23.
904 4046 955 4112 14.
988 4050 1160 4126 παρεῶσθαι
1192 4048 1243 4113 καὶ
1277 4053 1306 4112 ἐν

120 4153 233 4226 οὐδενὸς
267 4150 343 4218 εἶναι
376 4153 460 4231 μέρει
492 4153 543 4218 τὸν
574 4156 723 4226 τοιοῦτον,
754 4151 807 4216 sed
831 4153 982 4218 mendosa
1003 4154 1098 4220 leutio
1121 4154 1225 4219 adhue
1248 4155 1306 4218 eir-

120 4261 295 4326 cumfertur
324 4279 398 4347 pag.
432 4257 508 4322 655.
543 4257 594 4323 15.
626 4255 701 4329 ὅλως
734 4257 797 4334 γὰρ
823 4259 989 4334 ύγύσονται
1014 4263 1225 4340 παρευρῖισθαι
1250 4262 1307 4338 μὲν

121 4367 228 4441 absol,
259 4365 331 4446 πρὸς
367 4364 602 4444 Κερσοβλέπτην
632 4361 659 4427 δ’
691 4363 856 4429 ἀποκλῖναι
881 4366 980 4440 ὑμᾶς.
1007 4367 1061 4430 ubi
1085 4368 1119 4429 in
1143 4363 1165 4430 S
1187 4386 1308 4430 inemo

120 4479 207 4539 ratur
219 4471 321 4537 altera
332 4474 487 4556 scriptura
500 4495 546 4550 γρ.
563 4472 746 4548 παρεῶσθαι.
771 4461 976 4535 1111111111111111
986 4473 1082 4555 optio:
1096 4473 1307 4551 ταρεοιρῖισθαι

1150 4578 1165 4622 1
