3356 5084
708 388 773 458 529

146 577 368 646 adiumentum
397 580 432 646 id
462 581 553 647 nobis
576 579 698 646 inisset.
744 579 838 646 Nune
861 581 945 667 quod
969 578 1137 647 Terentius
1158 582 1192 646 in
1215 579 1331 648 fabulis

146 681 348 752 comicorum
380 687 490 754 fecisse
514 687 708 776 arguebatur
729 706 787 752 nee
811 687 879 752 ibet
902 685 1024 755 inficias
1046 690 1081 753 in
1104 687 1240 753 Andriae
1261 707 1331 774 pro-

144 787 216 878 logo
242 789 296 858 13.

365 922 442 987 quoe
463 921 621 965 convenere
642 905 676 963 ic
699 900 847 964 Απόιόοιν
869 923 905 965 σο
927 901 1087 966 Perinthia

361 1007 488 1092 fatetur
509 1006 707 1071 ίτοιισθαθὶοιε.

144 1108 229 1176 idem
259 1113 294 1176 in
324 1111 448 1179 duobus
477 1113 528 1178 his
560 1113 754 1180 orationibus
783 1114 905 1180 scribae
935 1115 1181 1199 commiserunt,
1214 1115 1329 1200 quiin

144 1218 375 1284 Androtiooeom
404 1239 443 1285 ex
474 1219 655 1284 itmocctec
685 1219 917 1286 transtulerunt
945 1220 1091 1288 nonnihil
1120 1221 1216 1307 idque
1247 1220 1330 1308 qnod

143 1327 279 1391 minime
302 1327 518 1394 conveniebat.

188 1432 225 1497 ln
255 1432 307 1499 his
337 1431 425 1500 locus
456 1437 522 1518 est,
550 1452 612 1519 qno
635 1432 674 1499 de
697 1434 835 1521 egimus.
882 1431 919 1498 In
944 1434 1129 1501 θύοιοενυοσο
1152 1435 1234 1500 dixit
1255 1455 1330 1523 pag.

146 1536 219 1604 757.
247 1539 277 1604 6.
302 1540 354 1605 καὶ
378 1543 510 1606 τοιαῦτα
533 1539 586 1605 καὶ
610 1543 751 1605 τοσαῦτα
775 1539 810 1604 τὸ
834 1541 947 1614 πλῆθος
968 1542 1052 1607 κακοὶ
1071 1541 1267 1622 εἰργασμένοι
1286 1542 1329 1613 εἰς

143 1646 227 1711 τοῦτ’
260 1647 461 1723 ύναισθησθας
494 1645 546 1712 καὶ
576 1647 695 1725 τόλμης
728 1645 969 1727 προεληλύθασιν
999 1643 1069 1712 θέσθ’
1094 1645 1330 1733 θμέν(1“ἱιυο-

143 1752 256 1842 crates)
289 1755 385 1820 οθεται
415 1756 453 1820 δι’
486 1755 595 1820 ἐκεῖνον
628 1753 882 1842 (Androtionem)
906 1753 962 1836 ὑφ’
986 1754 1067 1832 ὑμῶν
1088 1753 1329 1838 ουθὴσεσθαι,θ

142 1860 174 1926 δὲ
205 1861 406 1948 (Androtion)
436 1860 656 1942 παρακάθηται
688 1859 740 1925 καὶ
771 1861 805 1924 ού
837 1859 1030 1925 καταδύεται
1053 1868 1116 1933 τοῖς
1140 1858 1328 1942 πεπραγμέ·

142 1991 209 2041 νοις.
258 1967 356 2034 Recte
386 1989 420 2034 se
448 1967 566 2035 hebent
589 1967 697 2034 omnis
720 1971 752 2031 et
773 1964 867 2051 plens
889 1971 922 2031 et
947 1969 1112 2052 perspicus
1135 1964 1220 2033 sunt.
1266 1969 1329 2033 An·

142 2073 268 2140 drotion
287 2077 373 2140 enim
395 2072 526 2140 dicendo
545 2071 690 2149 valebat,
712 2078 839 2138 auctore
857 2071 1070 2139 Demosthene
1088 2093 1161 2161 pog.
1184 2071 1260 2138 594.
1276 2071 1328 2139 14.

144 2176 187 2247 ἔτι
213 2180 278 2262 γόιρ
299 2180 500 2269 (Androtion)
519 2179 665 2259 τεχνίτης
685 2183 738 2244 τοῦ
757 2165 862 2257 λέγειν
881 2179 934 2244 καὶ
955 2179 1062 2244 πάντα
1082 2179 1133 2244 τόν
1153 2179 1221 2258 βίον
1240 2176 1331 2259 ἰσχό-

142 2301 239 2352 λακεν
270 2287 311 2354 ἑνὶ
342 2286 448 2368 τούτῳ.
495 2285 607 2371 Itaque
629 2285 825 2352 Timocrates
847 2286 1052 2353 Androtionis
1072 2286 1250 2372 eloquentia
1272 2287 1331 2353 fre

143 2397 196 2460 tus
230 2393 349 2459 dicitnr
378 2379 457 2481 ρας.
487 2389 563 2459 749.
596 2391 647 2458 16.
674 2395 798 2458 exitum
822 2392 935 2458 iudicii
957 2395 1092 2459 minime
1115 2395 1330 2460 extimescere.

143 2501 229 2567 Audi
260 2500 522 2566 Demosthensm‘
537 2501 664 2585 ipsum:
696 2498 854 2576 διεξιόντος
888 2499 992 2586 (τινὸς)
1030 2501 1067 2572 ύς
1104 2499 1250 2581 χαλεπόν
1280 2501 1331 2565 τὸν

142 2609 253 2687 οὶγῶνα
286 2604 503 2684 ὑπολαμβάνοι
535 2604 639 2690 τόνδε,
667 2611 865 2689 τετυφῶσθαι
895 2607 946 2671 τὸν
977 2609 1083 2670 ταῦτα
1114 2603 1238 2684 λέγοντ’
1270 2603 1330 2688 ἔφη

145 2713 378 2802 (Timocrates).
402 2711 653 2792 συμπαρέσεσθαι
677 2713 740 2793 γθιρ
767 2711 967 2792 Ἀνδροτίωνα
985 2711 1085 2792 ἑαυτῷ
1105 2711 1158 2777 καὶ
1179 2712 1331 2785 τοιούτους

142 2819 253 2899 λόγους
286 2821 405 2900 σχολην
436 2815 558 2898 ι’θγοντα
588 2819 738 2901 ἐσκέφθαι
771 2819 837 2897 περὶ
871 2817 994 2884 πόντων
1018 2813 1070 2886 ὥτ’
1094 2813 1127 2884 εὖ
1150 2816 1257 2884 εἰδέναι
1284 2813 1330 2882 θτι

143 2926 224 2994 οὐδὲν
257 2928 341 3008 αύτῷ
373 2928 529 3005 γενήσοιτο
554 2930 690 3007 φλαῦρον
714 2925 777 2990 ύπθ
802 2933 856 3000 τῆς
881 2931 1009 3006 γραφῆς
1033 2925 1133 2997 τῆσδε.
1182 2923 1332 3013 Indigna·

142 3033 269 3100 bundus
292 3031 398 3098 addit:
423 3031 474 3097 καὶ
501 3031 580 3107 δῆτα
604 3033 656 3096 καὶ
678 3030 865 3108 τεθαύμακα
888 3035 944 3106 την
967 3031 1193 3111 ύναισχυντθαν
1223 3035 1331 3100 τούτου

143 3165 178 3206 τε
208 3139 367 3224 κοθκεόνου,
396 3139 530 3216 τοῦμὲν
554 3137 802 3223 (Τόμοοτοθθσ)εθ
831 3143 940 3221 καλεῖ,
969 3141 1022 3202 τοῦ
1053 3138 1084 3202 δὲ
1112 3137 1332 3226 (Αιισθσοόθυκθι)

144 3248 167 3315 εἰ
191 3246 315 3329 πόρεισι
340 3244 392 3310 καὶ
417 3245 719 3322 συναπολογήσεται.
767 3242 878 3328 Itaque
899 3244 1075 3308 rectissime
1099 3249 1132 3310 et
1149 3245 1332 3331 plenissime

142 3373 226 3419 nunc
256 3351 386 3438 quidem
418 3351 516 3416 dixit:
551 3351 564 3416 ό
598 3351 653 3429 μέν
684 3347 779 3414 σθεται
812 3350 850 3414 δι’
884 3349 992 3412 ἐκεῖνον
1024 3349 1228 3427 σωθήσεσθαι,
1259 3354 1273 3417 ι’
1302 3353 1333 3418 δέ

142 3457 364 3540 παρακόθηται
389 3457 441 3523 καθ
465 3458 498 3524 ού
522 3457 716 3522 καταδύεται
740 3465 802 3529 τοῖς
828 3453 1068 3536 πεπραγμένοις.

187 3565 400 3652 Inspiciamus
431 3584 515 3629 nnnc
538 3561 590 3628 τδν
613 3563 685 3628 κατ’
709 3562 916 3641 Ἀνδροτίωνος
939 3561 1049 3639 λόγον,
1074 3563 1131 3628 ubi
1153 3564 1264 3630 eadem
1288 3565 1333 3632 le·

143 3679 266 3763 guntur
286 3693 361 3761 pag.
387 3669 462 3736 616.
491 3668 547 3736 24.
571 3669 624 3735 καὶ
649 3673 780 3735 τοιαῦτα
805 3668 857 3732 καὶ
880 3672 1022 3733 τοσαῦτα
1046 3667 1082 3732 τὸ
1106 3670 1218 3746 πλῆθος
1247 3673 1332 3737 κακοὶ

143 3778 337 3860 εἰργασμένοι
370 3777 412 3849 εθς
444 3774 525 3842 τοῦθ’
550 3771 620 3854 ἅμα
645 3775 844 3848 ύναισθησθας
869 3774 921 3839 καὶ
946 3772 1064 3852 τόλμης
1089 3777 1331 3854 προεληλύθασιν

144 3883 200 3957 des
224 3885 399 3964 μέμνηνται
422 3883 535 3948 τούτων
559 3885 597 3955 ύς
623 3888 725 3954 καλῶς
750 3883 854 3950 αὐτοῖς
876 3879 1064 3961 διῳκημένων
1084 3877 1154 3946 ὥσθ’
1175 3887 1213 3949 ‘0
1237 3892 1331 3949 ΜΕΝ

145 3993 240 4058 οἴεται
272 3992 309 4056 δι’
340 3990 448 4056 ἐκεῖνον
477 3989 532 4072 ὑφ’
557 3989 639 4066 ὑμῶν
661 3986 865 4064 σωθήσεσθαι,
889 3991 927 4051 '0
954 3994 1011 4050 ΔΘ
1035 3987 1254 4066 παρακύθησαι
1278 3992 1331 4057 καὶ

145 4103 176 4168 ού
208 4094 401 4166 καταδύεται
433 4104 495 4168 τοῖς
528 4091 768 4174 πεπραγμένοις.
816 4091 901 4157 Vide
929 4091 1011 4156 mihi
1042 4113 1139 4177 quem
1171 4096 1235 4159 sint
1256 4097 1334 4164 hoec

145 4205 290 4274 absurdo.
338 4201 401 4283 Qui
431 4202 496 4266 sint
525 4201 561 4265 hi
592 4202 650 4264 duo
679 4197 820 4285 improbi
849 4218 942 4263 nemo
973 4200 1051 4264 scire
1081 4203 1201 4284 potest:
1226 4207 1334 4271 omnia

147 4333 227 4401 quse
257 4308 449 4396 praecedunt
480 4311 512 4372 et
543 4307 665 4392 reliqna
696 4306 804 4370 omnis
827 4306 860 4368 in
883 4327 974 4368 αιιυοι
997 4304 1225 4372 Androtionem
1249 4308 1334 4378 dicte

148 4423 233 4484 sunt.
279 4416 372 4481 Nunc
403 4415 590 4499 necopinato
620 4410 754 4498 pluralis
788 4431 940 4476 numerus
975 4409 1104 4507 inditur
1137 4416 1335 4495 πεπραγμέν’

148 4527 255 4596 αὐτοῖς
281 4558 321 4570 -
347 4519 551 4594 σεσυλήκασιν
576 4557 617 4568 -
641 4517 829 4602 ἠφανίκασιν
849 4553 890 4566 -
909 4517 1103 4601 όφρὶρηνται,
1136 4525 1168 4584 et
1199 4541 1332 4588 comme·

1163 4627 1196 4674 ³4
