3356 5086
906 357 972 437 300

328 562 438 640 your,
476 557 618 637 γεγόνει,
654 557 769 631 δεδῇει,
808 557 995 636 εἶλιιλοόόει,
1032 557 1185 641 ιειοόργει,
1220 557 1361 638 εεεόιιιιει,
1396 552 1525 638 όλῶλει,

336 665 469 744 ὀπώπει,
491 668 587 746 opopa
606 669 664 730 oet
698 662 811 730 Solum
829 664 918 746 εῇδεοι
938 671 1071 752 putetur
1089 667 1204 732 hebere
1227 668 1306 748 ιῇδΗ
1330 686 1387 752 pro
1409 667 1524 748 εῇδΕΙ,

335 777 402 839 sins
432 773 521 861 lege,
553 772 620 836 sine
647 790 751 846 more,
785 776 894 836 eontra
920 771 1102 859 analogiam
1125 777 1158 837 et
1179 793 1286 838 usum.
1331 771 1408 837 Sine
1430 772 1525 837 offen·

336 882 422 945 sione
444 878 558 965 legunt
581 896 691 942 omnes
714 885 755 941 N.
781 873 856 940 355.

472 983 561 1049 οὶλλόι
586 984 662 1056 Ζεὺς
686 980 827 1063 πρότεροι
851 983 989 1061 γεγόνει
1014 985 1065 1047 ιοοιὶ
1090 984 1219 1049 τλεόονοο
1242 983 1332 1065 ιῇδΗ.

336 1093 427 1178 quusi
448 1082 511 1155 non
533 1095 706 1175 utrumque
729 1087 853 1167 γεγόνει
876 1094 909 1153 et
931 1089 1007 1170 ιῇδει
1029 1091 1170 1156 eiusdem
1190 1089 1284 1175 plane
1302 1089 1424 1155 formae
1443 1095 1527 1155 esset

336 1204 368 1263 et
398 1196 570 1284 analogiae.
619 1195 735 1260 Forma
764 1193 869 1260 solute
897 1195 979 1277 εῇδεε
1014 1195 1107 1284 (ᾔδεε)
1135 1194 1297 1262 nonnullis
1326 1194 1405 1261 loeis
1435 1195 1526 1262 sulm
1593 1251 1602 1260 .

337 1304 455 1380 evasit,
480 1307 518 1367 ut
541 1312 575 1366 B.
600 1299 676 1365 409.

473 1405 561 1488 ᾔδεε
593 1405 656 1487 γόοι
679 1403 764 1470 νιοοτόο
788 1405 879 1482 sonu
902 1405 1056 1487 ἀδελφεόν
1079 1408 1119 1480 ὥς
1142 1407 1288 1473 ἐπονεῖτο.

336 1518 368 1577 et
390 1522 424 1576 Β.
448 1509 525 1576 832.
550 1517 582 1576 et
605 1521 645 1577 Λ.
671 1509 747 1576 330.

472 1617 561 1699 ᾔδεε
591 1616 785 1696 μαντοσύνας
809 1618 875 1684 οὐδὲ
897 1615 947 1692 οὓς
967 1619 1083 1691 τοῖδοιο
1107 1617 1227 1684 ἔοοτιιεν.

336 1729 368 1789 et
391 1734 424 1788 P.
449 1721 523 1788 402.

471 1828 532 1894 οὐδ’
556 1827 618 1910 ἄρα
642 1827 689 1894 τιό
712 1852 743 1894 τι
770 1829 906 1895 Ἤιδεε
935 1829 1111 1913 Ποότροοιλον
1132 1829 1309 1906 τεόνιιιοότο.

336 1939 369 2000 et
391 1933 481 2000 alibi.
529 1934 728 2021 Suspiciosus
749 1935 838 2002 loous
861 1941 909 2002 est
930 1943 968 2018 ψ.
992 1937 1047 2003 29.

472 2041 666 2123 Τιιλέμοοχοο
690 2041 716 2106 δ’
740 2039 802 2122 ipa
826 2065 878 2119 μιν
901 2041 1004 2108 τόλοοι
1031 2045 1115 2124 ᾔδεεν
1138 2042 1217 2107 ἔνδον
1241 2042 1340 2107 ἐόντοο.

335 2167 473 2232 namque
494 2147 557 2212 looi
579 2167 688 2214 omnes
705 2148 762 2213 ubi
781 2149 993 2214 necessarium
1013 2157 1040 2214 F
1058 2151 1212 2214 omissum
1234 2155 1283 2214 est
1305 2168 1432 2215 summo
1455 2151 1524 2214 inre

336 2258 392 2317 aut
412 2256 551 2338 corrupti
571 2259 627 2319 out
646 2273 665 2319 e
684 2253 903 2327 διοιοιιεοοιςοιῖς
923 2253 1105 2340 interpolati
1124 2275 1190 2320 esse
1205 2254 1396 2320 indicuntur.
1427 2253 1523 2320 Ροῑδιι

335 2357 545 2424 Homericum
575 2364 640 2444 est,
671 2380 733 2425 non
764 2355 850 2424 οόδοιε
878 2362 986 2446 itaque
1008 2365 1040 2426 et
1062 2361 1160 2443 εῇδεεν
1183 2379 1246 2425 non
1270 2360 1365 2442 ᾔδεεν.
1412 2359 1523 2446 Itaque

336 2465 536 2538 scribendum
560 2476 594 2530 B.
619 2463 672 2530 38.

472 2574 574 2646 νῇτιοο
598 2571 662 2636 οὐδὲ
686 2570 728 2636 τοὶ
751 2571 826 2654 ιῇδε’
848 2568 871 2638 όό
894 2575 932 2654 pa
957 2572 1033 2646 Ζεὺς
1056 2573 1172 2650 μῇδετο
1196 2573 1300 2654 repra.

335 2697 392 2763 pro
421 2676 464 2742 τὰ
496 2675 576 2758 εῇδιι.
606 2683 639 2743 et
668 2687 701 2742 B.
733 2675 810 2742 409.
840 2677 921 2760 ιῇδεε
952 2678 1016 2759 γὰρ
1046 2678 1132 2745 κοοτόο
1162 2677 1272 2757 όιιμόν,
1298 2698 1361 2772 pro
1385 2679 1466 2761 εῇδοι.
1492 2685 1524 2746 et

337 2792 378 2848 Λ.
403 2781 479 2850 741.

472 2883 489 2961 ἣ
513 2885 593 2954 τόσοι
615 2887 776 2969 Φόρμοοκοο
798 2889 874 2970 εῇδε’
898 2886 955 2954 όοοο
977 2888 1084 2971 τρέφει
1109 2891 1212 2970 supera
1233 2888 1326 2969 χόῶν.

336 3014 393 3080 pro
415 2993 483 3078 ιῇδιι
507 2990 575 3061 όοοι.
598 3000 631 3061 et
653 3005 691 3060 Τ.
717 2993 794 3060 466.

472 3102 574 3177 νῇτιος
599 3101 664 3167 οὐδὲ
687 3102 722 3166 τό
745 3102 822 3184 εῇδε’
846 3097 860 3166 ό
882 3103 914 3168 οὐ
938 3101 1098 3174 πεόοεσόοιι
1123 3097 1265 3180 ἔμελλεν.

336 3225 393 3291 pro
415 3205 484 3290 εῇδιι
507 3203 529 3271 ό.
557 3212 589 3274 et
613 3219 650 3273 Σ.
675 3206 752 3272 404.

472 3312 539 3379 οὐδὲ
561 3337 608 3388 τις
630 3311 727 3387 ἄλλος

471 3418 569 3502 ιῇδεεν
593 3419 662 3484 οὔτε
686 3420 755 3484 θεῶν
778 3418 848 3485 οὔτε
871 3420 981 3493 όνοιτιῖιν
1005 3417 1172 3498 οἱνόρόιτων.

336 3546 393 3612 pro
422 3525 533 3608 ιῇδειν,
565 3527 639 3610 qnia
668 3524 829 3590 Homerus
859 3527 893 3590 in
919 3527 1024 3610 prims
1046 3525 1224 3590 hexametri
1248 3523 1321 3590 sede
1344 3525 1400 3590 ubi
1422 3525 1523 3591 libera

337 3634 423 3717 optio
454 3636 502 3697 ost
533 3631 699 3718 dactylum
729 3634 831 3713 magis
861 3637 950 3698 amet
979 3652 1075 3718 quum
1107 3631 1299 3717 spondeum,
1325 3630 1428 3698 veluti
1452 3634 1522 3716 ᾔτεε

336 3759 393 3824 pro
417 3737 480 3822 ᾔτει
506 3742 537 3803 et
561 3740 632 3802 sim.
658 3743 690 3803 et
712 3738 749 3816 β.
776 3736 853 3804 122.

472 3843 554 3909 τόιον
578 3842 659 3917 οὔτις
683 3844 773 3920 όμοΐοι
794 3845 935 3920 νοῇμοιτοο
959 3844 1148 3922 Πννελοτεόῇ

472 3949 566 4033 ιῇδέ,
588 3951 671 4031 οὶτόορ
694 3950 751 4028 μὲν
774 3953 863 4014 τοῦτο
887 3951 951 4014 κτέ.

336 4077 393 4144 pro
418 4055 487 4138 εῇδν
512 4057 602 4136 ssu.
651 4055 789 4121 Omnino
811 4058 898 4122 enim
921 4055 1023 4121 forms
1045 4055 1114 4138 εῇδιι
1139 4061 1172 4120 et
1195 4055 1235 4120 eb
1258 4053 1430 4122 Homerico
1454 4079 1523 4124 eon·

337 4165 435 4229 stanti
456 4184 517 4228 usu
540 4163 687 4228 obhorret
707 4167 738 4228 et
761 4163 801 4229 eh
824 4161 972 4249 analogio
994 4160 1207 4249 redarguitur.
1232 4161 1281 4226 Ex
1295 4199 1336 4210 -
1352 4171 1405 4228 ΕΑ
1423 4167 1524 4230 nessi·

337 4277 501 4354 tur-H,
532 4274 570 4334 ut
599 4269 634 4333 in
663 4268 779 4334 Attiou
809 4266 977 4346 ἐτετόνόιι,
1001 4267 1150 4347 ἕκεχῇνιι,
1175 4267 1360 4342 ἐπεποιήκει,
1384 4269 1438 4350 ᾔδει
1464 4275 1524 4336 eto.

337 4376 392 4445 sed
422 4397 460 4443 ex
473 4413 514 4424 —
530 4384 581 4439 ee
610 4377 784 4440 necessario
797 4411 838 4424 -
855 4383 892 4439 el
919 4376 1061 4440 nuscitur
1085 4374 1216 4459 perinde
1239 4375 1323 4460 apud
1345 4372 1525 4442 Homerum

336 4485 563 4554 Atheniensem
587 4485 619 4546 et
636 4479 722 4566 spud
740 4477 875 4546 Homeri
892 4483 975 4548 oivss
991 4481 1174 4567 posterioris
1197 4482 1311 4546 estatis
1334 4477 1525 4568 Sophoclem
