3356 5084
646 347 651 357 '
696 367 762 442 tte

133 571 275 650 πρθνμοο
306 564 461 646 ὑποθγουσι
491 566 546 640 την
579 564 680 632 πθλιν.
726 565 861 632 Summo
890 565 960 630 iure
983 564 1168 631 Sohaeferus
1191 567 1323 630 statuit:

137 697 293 760 „prauum
314 697 374 738 eoae
391 673 427 737 ού
447 672 629 756 ineptissimo
647 673 764 738 θνονοοθοιο
783 672 853 737 olim
872 678 1002 736 οεειιθιωνι
1010 694 1168 756 purpurae
1179 669 1323 736 οσοθονθο”

135 781 257 846 Tamen
285 785 407 846 constet
430 779 506 845 hsec
530 779 610 844 olim
633 780 672 846 ub
696 778 944 864 Harpocratione
968 779 1052 865 apud
1075 777 1323 844 Demosthenem

135 889 218 954 lecta
240 886 338 952 fuisse
360 888 395 950 in
418 907 450 952 v.
476 889 748 964 Δυσωπούμοοιε
777 883 846 949 ἀντὶ
871 889 924 949 τοῦ
947 884 1107 966 Φοβοῦμαι
1130 882 1325 962 Δημοσθένης

52 1031 58 1044 ·
136 1000 343 1064 Φιλιππικοῖς.
376 997 409 1056 et
435 994 521 1056 inv.
556 991 826 1071 ’Τπθγουσιντ
857 992 926 1055 ύνσ1
951 996 1004 1057 τού
1028 990 1194 1071 προάγουσι
1220 1000 1323 1068 Δημο-

136 1101 239 1176 σθένης
260 1105 467 1170 Φιλιππικοῖς.
502 1099 626 1185 Nempe
648 1098 734 1164 fallit
756 1101 861 1184 opinio
884 1118 937 1164 sos
961 1101 1017 1184 qui
1039 1097 1323 1184 Harpocrationom

135 1207 241 1273 multo
264 1205 451 1272 melioribus
472 1205 563 1271 libris
585 1225 682 1291 quum
705 1225 789 1270 nunc
811 1205 967 1271 habemus
989 1227 1085 1270 usum
1108 1225 1174 1270 esse
1197 1208 1321 1289 putant.

136 1313 245 1379 Pauca
267 1312 421 1398 quaedam
446 1312 543 1377 habet
566 1310 700 1377 meliora
718 1313 834 1378 nostris
852 1331 954 1397 neque
974 1331 1010 1376 ea
1029 1313 1139 1398 magni
1157 1313 1325 1376 momenti.

136 1419 185 1484 Ex
215 1418 310 1484 libris
341 1419 510 1492 Attioiunis
540 1437 620 1502 quae
650 1416 740 1483 affort
771 1421 828 1483 sut
857 1419 1025 1504 perexigui
1054 1419 1149 1503 pretii
1172 1422 1247 1482 sunt
1271 1421 1327 1482 aut

39 1559 42 1562 ·
137 1531 245 1612 aperte
262 1519 435 1590 mendosa.
481 1521 581 1608 Saepe
612 1543 686 1588 eum
718 1525 851 1589 vitiosae
879 1523 1031 1590 lectiones
1053 1526 1087 1587 in
1111 1523 1256 1588 fraudem
1279 1525 1327 1587 in-

138 1633 299 1698 duxerunt
327 1636 359 1696 ot
388 1631 417 1695 si
447 1628 572 1715 quondo
602 1625 761 1694 Critioum
794 1649 888 1716 agere
922 1628 993 1694 vult
1026 1631 1163 1714 turpiter
1192 1651 1225 1694 se
1252 1629 1326 1695 dare

137 1738 237 1817 solet,
267 1742 307 1802 ut
337 1759 368 1802 v.
400 1735 575 1820 ’λπρθτων,
602 1733 749 1816 Κλιμθζη
773 1747 804 1801 et
828 1734 917 1801 olibi.
963 1733 1051 1800 Haec
1074 1737 1143 1820 ipsa
1167 1739 1199 1800 et
1220 1736 1327 1800 multa

136 1846 186 1910 his
213 1842 335 1910 similia
366 1843 527 1909 declarant
557 1861 653 1927 quam
683 1841 828 1907 mendosi
857 1840 934 1906 libri
968 1845 1111 1906 veterum
1148 1843 1214 1906 iam
1249 1849 1326 1906 tuno

137 1950 434 2028 circumferrentur,
459 1949 498 2014 de
522 1968 585 2034 qua
606 1969 639 2014 rs
663 1947 703 2012 ad
726 1948 828 2014 alium
848 1947 1073 2014 Demosthenis
1095 1947 1202 2014 locum
1227 1946 1331 2033 pluri·

137 2058 196 2124 bus
221 2076 389 2142 exponam.

181 2267 282 2334 Rem
304 2265 328 2332 S
351 2267 475 2332 ⁰miiiii
497 2287 571 2354 1³³8·
597 2264 671 2332 128·
698 2264 751 2330 15·
776 2263 958 2343 συμβάντος
981 2265 1070 2337 τινθς.
1109 2251 1231 2332 Deinde
1255 2288 1329 2353 sup-

138 2374 309 2460 piendum:
341 2370 399 2438 ²³⁶¹
432 2372 495 2454 νθο
526 2372 561 2436 τὸ
592 2371 645 2437 κού
677 2371 712 2438 τὸ
745 2381 870 2448 ποιησει
901 2372 953 2436 κιο
984 2371 1019 2436 σο
1054 2371 1138 2458 (uss
1175 2373 1248 2460 To)
1282 2374 1328 2453 μη

138 2489 275 2557 ποιῆσον.

182 2691 263 2778 Pag.
284 2687 360 2756 128.
380 2685 435 2753 28.
455 2689 488 2754 τθ
506 2695 653 2766 ποιῶμενς
676 2686 779 2753 πούλοιν
801 2713 846 2760 τις
866 2686 957 2762 ἡδέως
971 2686 1048 2753 *AN
1060 2688 1131 2761 ἴσως
1144 2689 1346 2771 ε’ρωτύσΩΝ

140 2797 282 2873 κθθηποιι.
330 2792 463 2861 Gaudeo
490 2815 543 2860 me
566 2793 730 2862 Dindorfio
752 2794 899 2880 probasse
922 2794 1091 2873 ἐρωσθσλο
1114 2815 1226 2861 verum
1252 2819 1328 2864 csse.

139 2903 202 2969 Ubi
233 2900 334 2968 semel
361 2903 539 2966 combiberit
563 2901 652 2976 ἡδέως
676 2899 714 2965 θον
736 2901 889 2981 ἐρωτήσω,
918 2901 1007 2976 ἡδέως
1032 2901 1071 2966 tv
1094 2901 1249 2981 πεύσομοιι
1273 2911 1329 2970 aut

142 3008 247 3074 simile
272 3007 349 3093 quid
375 3027 432 3093 pro
457 3007 641 3086 ἐρωτήσαιμι
664 3007 717 3073 vel
738 3008 886 3085 πυθοίμην
905 3013 989 3073 reete
1008 3008 1087 3083 diei,
1108 3013 1180 3074 tum
1199 3010 1331 3077 demum

141 3114 297 3181 librorum
319 3113 449 3180 lectioni
472 3117 718 3200 acquiescemus.
762 3113 852 3194 Quod
876 3114 1023 3200 equidem
1046 3136 1225 3201 numquam
1246 3119 1331 3184 futu-

140 3243 211 3286 rum
237 3240 305 3287 esse
328 3223 406 3286 sutis
429 3223 502 3286 scio.

184 3428 265 3517 Pug.
292 3427 369 3494 131.
394 3427 427 3494 2.
452 3429 607 3494 σπουθοοΐοο
632 3427 757 3509 νομίζων
782 3467 822 3478 -
848 3427 916 3509 περ)
936 3423 974 3496 ὧν
992 3430 1193 3510 βουλεύεσθε,
1213 3435 1331 3500 rectius

140 3541 171 3601 et
194 3537 304 3603 verius
326 3534 396 3619 (roi)
420 3535 487 3615 eropi
512 3531 550 3600 ὦν
575 3535 771 3613 βουλεύεσθε.

184 3641 375 3707 Rectissime
404 3640 526 3728 legitur
556 3661 628 3729 pag.
662 3640 738 3708 779.
773 3639 803 3705 3.
836 3647 899 3714 τοῖς
931 3637 969 3705 ὧν
993 3639 1172 3708 οθπθκτεινεν
1197 3645 1210 3709 i
1233 3646 1327 3721 δῆμος

139 3749 210 3822 σούς
243 3747 402 3828 ποτέρως,
436 3747 491 3812 sed
522 3749 557 3811 in
588 3745 661 3812 aliis
685 3745 763 3813 locis
784 3747 861 3813 haee
886 3746 1011 3812 dicendi
1033 3748 1135 3814 forms
1157 3753 1271 3837 periit,
1294 3759 1332 3818 ut

140 3876 214 3942 pag.
240 3851 316 3919 498.
341 3855 386 3930 μη
406 3851 594 3928 τεποιηκθτοι
613 3856 685 3938 (ΤΑ
707 3853 793 3934 add.)
815 3855 867 3934 ἐφ’
887 3849 929 3926 οἷς
951 3851 1062 3935 εύρετο.
1083 3860 1115 3920 et
1133 3876 1207 3944 pag.
1234 3857 1330 3925 1123.

142 3961 172 4027 1.
205 3961 366 4043 θφύρησοοι
395 3960 450 4034 την
481 3965 597 4025 σωυτοῦ
630 3959 774 4041 πενθερθον
800 3965 906 4025 τοῦτον
931 3961 1016 4048 (lego
1038 3961 1095 4041 roi)
1121 3961 1180 4043 ἀφ’
1203 3957 1241 4027 ὧν
1265 3963 1329 4046 ἔζη.

141 4071 173 4133 et
195 4088 269 4155 pag.
296 4064 394 4134 1127.
420 4064 451 4131 3.
474 4063 549 4132 ύτοον
573 4065 717 4148 θοουμθζη
740 4065 864 4140 τούτους
888 4067 964 4154 (leg.
989 4067 1074 4151 τοὺς)
1097 4066 1152 4148 ὑφ’
1177 4063 1215 4132 ὧν
1242 4071 1327 4152 οούτῷ

141 4173 353 4255 θοιυμύζεσθοιι
384 4179 541 4254 προσῆκεν.
575 4179 607 4240 ot
633 4194 707 4260 pag.
737 4172 835 4239 1325.
861 4173 892 4239 5.
915 4172 1023 4250 δείξειν
1046 4175 1076 4237 ἐν
1102 4175 1172 4251 ύμῖν
1197 4199 1329 4254 νεμενη·

141 4280 222 4360 μένοι
252 4277 320 4361 περὶ
352 4274 389 4343 ὧν
422 4286 555 4344 ποιεῖτονι
579 4277 768 4360 τὴνφύσιν.
815 4277 946 4347 Oodioos
969 4282 1011 4345 τὰ
1036 4281 1249 4360 γεγενημένη,
1275 4286 1330 4351 sed

141 4393 178 4452 tu
208 4393 376 4471 transpone
407 4384 606 4464 γεγενημένα
638 4385 680 4450 τοὶ
713 4386 779 4466 περὶ
813 4383 851 4452 ὧν
883 4389 947 4454 xri.
979 4387 1052 4454 vide
1075 4407 1171 4473 supra
1194 4390 1233 4455 ad
1255 4411 1329 4484 pag.

143 4491 195 4566 57.
222 4491 275 4559 15.
301 4490 344 4556 τθο
367 4490 433 4576 περὶ
458 4487 496 4557 ὧν
517 4489 713 4574 βουλεύεσθε.
