3356 5084
903 363 969 437 470

387 558 466 648 Peg.
501 558 576 627 132.
601 559 656 627 24.
680 560 722 641 τῷ
746 559 816 634 τοὺς
840 557 1044 637 βουλομένους
1067 559 1222 639 χρήματα
1244 553 1426 636 λαμβάνειν
1448 551 1534 635 ἔχειν

342 663 394 729 τόν
424 667 568 733 δόσοντοο.
615 665 760 732 Humani
791 667 867 752 quid
895 686 1007 752 passus
1037 669 1086 731 est
1115 661 1315 742 Dindorfius,
1347 665 1402 749 qui
1427 663 1535 727 nescio

246 821 251 830 .
343 773 435 838 ouius
465 774 627 844 infelicem
653 776 866 840 coniecturam
890 781 952 846 τοῖς
976 772 1171 851 βουλομένοις
1195 773 1313 858 recepit
1336 773 1369 835 in
1393 774 1535 835 textum.

389 980 469 1069 Pag.
503 983 578 1049 184.
612 983 665 1051 17.
690 984 742 1049 καὶ
764 986 850 1049 τοῦτ’
874 981 908 1059 ἐξ
930 981 1071 1062 οὶνοόγιιης
1095 982 1203 1064 τρόπον
1226 983 1297 1048 τινόι
1321 987 1371 1046 νῦν
1396 989 1451 1046 ΓΕ
1475 990 1536 1046 ΔΗ

344 1097 433 1153 ποιεῖ.
479 1087 517 1154 In
539 1088 563 1154 S
585 1089 725 1179 legitur:
749 1095 800 1154 νῦν
822 1091 856 1169 γ’
887 1088 932 1154 ἂν
961 1097 1078 1155 ποιοῖ.
1126 1089 1310 1175 Descriptus
1331 1088 1421 1155 locus
1443 1093 1537 1154 esta

342 1192 469 1259 falsario
500 1216 539 1261 ex
569 1215 643 1283 pag.
678 1194 728 1260 70.
764 1194 794 1261 3.
822 1195 876 1261 cai
900 1195 984 1260 τοῦτ’
1009 1193 1043 1272 ἐξ
1066 1195 1207 1273 dodrans
1232 1193 1340 1274 τρόπον
1364 1196 1421 1257 τιν’
1447 1195 1535 1274 αὐτῷ

344 1303 395 1363 νῦν
427 1309 479 1365 re
509 1309 568 1366 ΔΗ
599 1301 779 1380 ουμβοοόνει.
826 1299 965 1368 Oonfusa
994 1308 1069 1368 aunt
1091 1302 1130 1367 de
1152 1321 1241 1367 more
1259 1303 1337 1365 ἈΝ
1360 1304 1394 1366 ot
1417 1307 1478 1364 ΔΗ
1503 1305 1537 1364 et

344 1407 390 1470 sic
420 1408 523 1473 scriba
553 1417 635 1473 ποιοῖ
662 1408 751 1474 dedit
779 1429 836 1495 pro
866 1417 957 1474 ποιεῖ.
1004 1409 1235 1475 Demosthenes
1264 1411 1332 1494 ipse
1362 1409 1397 1471 in
1420 1406 1534 1472 eadem

344 1531 378 1576 re
409 1513 492 1578 dixit
520 1534 595 1602 pag.
627 1513 679 1579 99.
712 1513 767 1580 28.
799 1515 852 1580 κιο)
884 1517 968 1581 τοῦτ’
1000 1515 1121 1589 εἰκότως
1154 1513 1263 1596 τρόπον
1285 1515 1355 1580 τινόο
1378 1491 1534 1590 βράττει,

344 1617 402 1682 ubi
427 1619 510 1705 quod
533 1622 567 1684 in
586 1619 748 1686 nonnullis
768 1621 860 1687 libris
879 1627 927 1687 eet
946 1621 1055 1703 τρόπον
1073 1622 1144 1688 τινοὶ
1168 1626 1227 1687 νῦν
1250 1645 1294 1700 γε
1317 1621 1357 1695 δὴ
1382 1622 1535 1704 πράττει,

344 1725 429 1791 unde
451 1731 565 1792 natum
587 1730 632 1792 sit
654 1733 794 1813 apparet.

391 1933 597 2002 Ostendimus
618 1939 685 2004 iam
708 1943 781 2002 ante
803 1938 837 2001 in
856 1957 922 2022 sqq.
943 1959 1009 2003 esse
1027 1937 1202 2026 legendum
1220 1937 1319 2003 πολὺν
1338 1937 1392 2014 ἤδη
1412 1923 1539 2018 χρόνονζ

345 2046 378 2106 et
402 2036 444 2115 otc
468 2044 532 2125 γὰρ
556 2040 635 2110 οὗτοι
660 2042 813 2124 ὑμετέροις
839 2041 905 2123 ἔχει
935 2043 1095 2131 [χρῆσθαι]
1121 2044 1239 2118 τούτοις
1263 2045 1327 2110 ari.
1353 2049 1386 2110 et
1407 2043 1473 2110 οὐδ’
1497 2043 1538 2108 ἂν

344 2149 376 2212 όν
400 2149 578 2233 Μοοιοεδονόρο
601 2148 703 2227 μένειν
724 2151 880 2232 οόοφοολῶς
904 2153 1052 2227 ἡγεῑτΑΙ.
1368 2151 1371 2158 ’

391 2359 472 2447 Peg.
509 2357 583 2424 135.
615 2357 647 2424 2.
680 2357 734 2423 e'oiv
760 2381 837 2424 ποτε
860 2359 969 2442 συμβῇ
992 2383 1023 2424 τι
1047 2367 1197 2439 ττοοῑομοι
1223 2357 1341 2447 (πολλοὶ
1364 2360 1391 2425 δ’
1416 2357 1456 2424 όον
1481 2359 1538 2438 γε’-

345 2476 436 2531 νοιτο
469 2465 624 2552 οἱνόρώπιρ)
656 2465 719 2530 κτὲ.
752 2463 776 2529 Β
805 2464 921 2542 γένοιτο
944 2465 1129 2546 τοόνόρόιπιοι.
1177 2465 1281 2552 Supra
1302 2487 1376 2554 pag.
1401 2465 1479 2532 100.
1502 2465 1535 2531 2.

346 2571 400 2637 εὀόν
435 2595 511 2638 ποτε
545 2572 653 2653 συμβῇ
686 2594 716 2636 τι
751 2577 902 2649 πτοοῑοροοο
938 2567 972 2658 (i
1008 2571 1114 2637 πολλοὶ
1150 2570 1262 2651 γένοιτ’
1297 2571 1336 2638 όον
1365 2573 1537 2654 οὶνόρόιπςο).

345 2678 522 2764 Utrobique
551 2677 770 2742 scribendum:
799 2685 949 2754 πτοιΐομοο
974 2677 1091 2766 (πολλοὶ
1115 2676 1143 2744 δ’
1168 2679 1208 2743 ἂν
1228 2677 1342 2758 γένοιτ’
1364 2677 1538 2768 οόνόρῶπῳ).

345 2785 418 2852 Non
448 2784 595 2851 dicebant
617 2781 763 2848 Oratores
786 2785 820 2847 in
843 2788 911 2848 tam
934 2783 1044 2869 rapido
1068 2784 1239 2851 verborum
1261 2784 1395 2850 flumine
1417 2783 1539 2863 γένοιτο

347 2892 506 2974 οὶνόρώπῳ,
532 2889 637 2956 multo
661 2891 759 2954 etiam
783 2891 891 2954 minus
913 2890 968 2954 οὐκ
991 2885 1064 2955 cido
1088 2886 1167 2963 ὅπως
1191 2896 1248 2956 aut
1270 2890 1357 2970 πυροὶ
1381 2889 1539 2967 ’Aurida-

346 2998 418 3081 δρῳ,
454 2998 509 3064 ssd
544 2995 648 3062 adhuc
680 2999 715 3061 in
750 2996 801 3062 his
834 2997 983 3062 omnihus
1017 3017 1124 3062 caecos
1162 2996 1258 3063 duces
1286 2995 1405 3062 scribas
1436 2998 1539 3083 inepti

345 3106 517 3189 sequimur.
565 3101 757 3187 Saepissime
786 3106 894 3168 autem
923 3106 958 3167 in
989 3105 1119 3190 antiquo
1141 3103 1288 3170 lectionis
1310 3104 1393 3170 vitio
1415 3123 1540 3170 crassos

345 3218 378 3277 et
401 3209 542 3277 elisionis
564 3211 717 3294 impressa
739 3210 878 3296 vestigia
900 3213 1062 3294 apparent.

390 3317 460 3398 Quo
490 3315 607 3382 melius
637 3313 715 3380 haec
738 3317 914 3380 sentiantur
936 3313 1160 3382 Demosthenis
1182 3314 1354 3381 lectoribus
1377 3317 1536 3381 suaserim

343 3429 382 3490 ut
404 3441 570 3489 summum
594 3425 749 3487 oratorem
772 3440 835 3486 non
859 3423 950 3486 taciti
972 3420 1100 3509 leg-ant,
1125 3421 1180 3488 sed
1203 3421 1269 3488 alta
1292 3441 1370 3489 voce
1397 3442 1536 3508 pronun·

342 3535 441 3607 tient,
471 3548 610 3614 namque
641 3529 687 3593 sic
714 3524 769 3592 fiet
798 3531 836 3591 nt
864 3525 1127 3594 incalescentibus
1157 3535 1189 3594 et
1223 3529 1464 3593 ουνενόοοοιῶοιν
1500 3547 1536 3594 ea

343 3639 452 3703 omnia
474 3655 538 3701 non
561 3634 642 3711 dici,
665 3633 720 3698 sed
739 3634 793 3720 agri
813 3631 898 3719 apud
916 3633 1073 3719 populum
1091 3633 1145 3700 vel
1163 3635 1203 3700 ad
1221 3635 1343 3700 iudices
1354 3633 1533 3700 videantur.

344 3744 397 3810 Sic
420 3743 519 3808 etiam
543 3743 664 3827 optime
687 3738 852 3825 apparebit
874 3759 971 3825 quam
994 3741 1104 3826 rapido
1128 3761 1223 3806 cursu
1246 3743 1405 3806 concitata
1427 3742 1536 3806 Attica

345 3852 446 3918 oratio
464 3848 601 3923 feratur,
621 3851 653 3913 et
672 3867 768 3932 quam
787 3847 914 3932 ineptae
933 3847 997 3910 sint
1014 3845 1198 3925 χοισρωδόοιι
1218 3867 1257 3913 ex
1275 3847 1367 3913 libris
1378 3848 1534 3914 invectae.

344 3957 434 4023 idem
462 3975 554 4041 saepe
578 3953 711 4040 colligas
734 3973 773 4018 ex
795 3951 951 4018 librorum
974 3954 1139 4038 scripturis
1161 3955 1246 4018 inter
1268 3973 1301 4018 se
1325 3955 1534 4038 comparatis,

346 4067 437 4131 cuiue
467 4063 513 4127 rei
544 4059 625 4125 dabo
654 4079 756 4124 unum
787 4058 981 4144 exemplum.
1028 4059 1146 4125 Editur
1176 4080 1250 4147 pag.
1275 4058 1352 4125 300.
1379 4059 1433 4124 15.
1460 4056 1536 4124 οὗτοι

347 4173 503 4254 σώφρονος
534 4164 747 4248 ποορέοχΕΤθ
778 4165 861 4242 ὑμᾶς
892 4163 1020 4242 οὐτοός,
1045 4166 1100 4231 sed
1122 4166 1270 4233 inlibris
1294 4170 1342 4232 est
1363 4164 1537 4252 prseterS

348 4282 380 4343 et
403 4286 431 4341 A
454 4271 659 4354 πορόσχεοόε.
706 4269 805 4337 Nulla
829 4276 877 4337 est
899 4270 1059 4337 dubitatio
1082 4275 1160 4358 quin
1182 4294 1297 4340 verum
1320 4276 1364 4340 sit
1387 4273 1537 4356 ποιρὲχειν

349 4382 456 4448 ἑοουτόν
495 4381 651 4460 οόιφρονοι,
686 4398 749 4444 non
784 4377 992 4463 ποορέχεοόοοι,
1027 4379 1081 4444 sed
1115 4380 1150 4444 in
1181 4377 1421 4461 ποιρόοχθΟΘΕ
1455 4383 1537 4461 ὑμᾶς

348 4489 428 4557 latet
451 4506 526 4554 vera
548 4486 704 4570 scriptura
725 4483 907 4564 παρέσχεθ’
932 4484 1028 4564 ὑμᾶς.
