3308 5090
731 293 773 364 71

150 488 211 557 18.
246 529 289 538 -
318 490 528 568 Φενακισμοῖις
561 485 602 561 οῖς
636 489 848 568 ’ἐπαχθέντες
879 527 920 536 -
946 490 1082 565 προεῖσθε
1115 487 1256 566 Φωκέας,
1288 488 1347 554 ubi

147 597 273 684 reliqui
296 618 407 662 omnes
429 603 556 662 servant
577 617 689 662 reram
710 595 880 661 lectionem
903 593 1127 676 ’τπαχθέντες.

203 809 285 896 Peg.
314 806 387 873 180.
415 807 468 872 12.
493 807 602 890 νομίζοι
626 809 758 886 τὸνμὲν
783 807 918 886 πόλεμον
940 808 1084 888 χαλεπόν
1107 818 1146 886 τῇ
1167 807 1275 886 πόλει,
1295 811 1347 874 τόν

154 916 183 982 δ’
218 919 327 992 erere
363 917 414 979 τὸν
450 915 484 978 ἐκ
518 919 571 978 τοῦ
603 913 739 991 πολέμου
770 916 868 998 ,ἰᾴδιον
899 914 938 980 θον
967 915 1151 993 συμβάντα.
1199 916 1278 996 Quia
1300 916 1348 981 ita

155 1019 323 1108 loquitur?
358 1020 438 1100 Quis
469 1022 565 1086 verbo
596 1019 726 1102 νομίζειν
741 1021 939 1106 participium
962 1025 1007 1088 aie
1031 1022 1106 1087 addi
1127 1042 1217 1106 poaae
1241 1023 1351 1088 eristi-

155 1125 248 1193 mat‘?
278 1126 371 1191 Nihil
401 1132 449 1190 eat
478 1125 638 1212 reliquum
669 1148 765 1212 quam
794 1133 831 1192 ut
854 1129 1062 1194 rescribatur:
1086 1127 1184 1212 ῥᾴδιον
1208 1126 1247 1193 ἂν
1268 1151 1345 1204 σνμ·

156 1235 300 1311 βΗΝΑΙ.
348 1232 438 1298 Haeo
467 1235 536 1318 ipaa
567 1236 723 1318 scriptura
753 1237 787 1298 in
815 1231 930 1300 Oodiee
953 1232 976 1298 S
999 1236 1156 1319 reperitur
1178 1235 1242 1298 nisi
1263 1233 1347 1318 quod

157 1341 263 1405 scriba
292 1339 437 1405 ordinem
459 1341 629 1404 verborum
653 1341 812 1413 turbavit;
835 1340 994 1417 συμβῆναι
1019 1340 1118 1424 ῥᾴδιον
1141 1338 1179 1404 aa
1204 1340 1292 1405 dedit
1315 1343 1348 1404 et

157 1445 279 1511 oblitus
303 1451 351 1512 eat
373 1466 487 1512 verum
514 1447 657 1512 ordinem
680 1445 823 1530 lineolis,
847 1451 885 1511 ut
907 1446 1005 1525 eolat,
1030 1446 1178 1511 indicare.

202 1657 282 1746 Peg.
303 1655 378 1721 181.
399 1657 453 1722 14.
466 1658 548 1724 οὐδὲν
560 1653 608 1723 οὖν
620 1661 694 1722 οἰλλ’
708 1659 963 1741 ἣραψςοδθσουσιν
975 1659 1000 1723 οἰ
1013 1657 1158 1738 πρέσβεις
1172 1656 1346 1736 περιϊόντες.

155 1763 228 1827 τότε
252 1765 304 1840 δὲ,
328 1763 367 1829 ῖον
390 1761 450 1842 οἰρα
473 1761 495 1829 οἰ
521 1769 571 1828 νῦν
595 1765 706 1841 οἰόμεθ’
731 1765 819 1841 ἡμεῖς
845 1772 1116 1841 ΠΡΑΤΤΗΤΑΙ,
1137 1763 1231 1835 οὐδεὶς
1252 1763 1347 1838 δήπου

158 1877 214 1934 τῶν
241 1867 366 1932 πόντων
396 1868 550 1942 Ἑλλήνων
580 1875 758 1950 τηλικοῦτον
782 1871 835 1950 ἐφ’
858 1871 941 1949 αὐτῷ
967 1876 1073 1951 φρονεῖ
1094 1865 1157 1940 dere
1182 1871 1251 1949 όρῶν
1276 1868 1348 1946 ὑμῖν

156 1979 277 2056 χιλίους
313 1976 370 2052 μὲν
406 1973 540 2049 iuriae,
574 1975 707 2046 ότλόσοος
742 1976 773 2040 δὲ
808 1973 893 2048 όσους
928 1974 966 2041 όιν
998 1974 1084 2056 ε’θέλη
1114 1999 1177 2052 τις,
1209 1980 1283 2045 ναῦς
1316 1975 1346 2040 δὲ

156 2083 353 2161 τριακοσίας,
385 2083 445 2160 οὐχ
477 2079 540 2156 ἥξει
571 2083 623 2146 καί
656 2080 808 2155 δεήσεται.
855 2082 906 2147 Ad
931 2082 1157 2161 ῥαψῳδήσουσιν
1181 2084 1346 2146 annotavit

157 2187 339 2254 Dobraeus:
367 2186 431 2262 „rie
453 2187 613 2264 εἰσήγημα
637 2195 665 2250 et
688 2187 807 2265 τοίημοι
828 2210 931 2272 appara
953 2187 1077 2251 Iroerat.
1099 2187 1237 2270 Epistola
1256 2185 1281 2250 l.
1295 2185 1346 2250 2.”

158 2293 228 2359 Hoc
251 2293 384 2378 quidem
407 2293 553 2356 Atticum
578 2293 728 2372 ῥαψῳδεῖν
747 2293 831 2358 nihil
850 2314 923 2358 aum
945 2295 1033 2379 poesi
1051 2313 1221 2358 commune
1239 2293 1344 2358 habet.

158 2399 324 2466 Festivum
347 2403 381 2462 et
403 2399 544 2463 iocosum
566 2400 701 2464 verbum
723 2398 900 2488 signifieat:
924 2400 1121 2486 nequidquam
1143 2400 1260 2482 θοαροιιι
1280 2421 1345 2462 ora

159 2508 263 2570 tionem
287 2505 395 2567 tatere
419 2509 450 2568 et
474 2506 567 2567 οινόιο
590 2507 679 2569 verba
694 2507 823 2590 perdere
844 2507 909 2570 eine
931 2506 994 2569 υθόο
1008 2506 1140 2590 fructa,
1165 2512 1203 2570 ut
1225 2507 1258 2568 in
1278 2524 1345 2570 ora-

158 2615 241 2678 tione
265 2612 338 2674 κατ“
361 2611 599 2688 Ἀριςονείτονος
622 2633 696 2699 pag·
722 2610 798 2678 770.
825 2610 879 2677 10.
903 2609 1003 2687 ἔγωγ’
1029 2609 1244 2688 ὑπολαμβάνω
1258 2648 1301 2658 -
1319 2610 1345 2673 εἰ

158 2719 213 2794 μέν
244 2719 319 2780 εἰσιν
349 2717 431 2791 ὑμῶν
462 2719 486 2780 οἰ
519 2721 640 2790 τλείους
671 2714 722 2783 οῖον
754 2719 824 2791 τοὺς
856 2719 997 2796 πονηροὺς
1020 2725 1126 2796 Φιλεῖν
1153 2716 1219 2804 [καί
1242 2714 1346 2796 σώζειν

159 2823 234 2909 dei]
265 2822 372 2900 μότην
404 2823 655 2904 ἐρραψῳδηκότας
685 2827 769 2899 ἡμᾶς
795 2823 938 2901 ἔσεσθαι,
963 2824 989 2887 εἰ
1014 2823 1039 2887 δ’
1063 2817 1115 2887 οῖον
1138 2829 1238 2898 μισεῖν
1262 2822 1346 2898 δίκην

159 2935 262 2994 τοῦτον
287 2929 403 2993 δώσειν.

201 3035 237 3100 ln
260 3056 329 3122 sqq.
352 3036 484 3104 haerent
505 3037 696 3122 Interpretes
719 3038 753 3100 in
776 3033 965 3115 πράττηται.
1000 3034 1179 3101 Dobraeua:
1205 3035 1345 3113 „matim‚

158 3140 178 3207 οἰ
213 3148 263 3207 νῦν
300 3140 423 3217 οἰόμεθα
459 3144 568 3218 ἡμεῖς,
605 3140 786 3219 τρόστηΤΕ
824 3163 888 3204 eum
922 3141 998 3205 Mar.
1031 3139 1218 3221 τρόσσητΑΙ
1250 3141 1348 3226 inepte

158 3247 328 3314 ucetia?
374 3246 493 3336 Relege
521 3247 629 3314 looum
659 3250 704 3312 aio
734 3249 907 3332 seriptum:
939 3245 978 3312 ῖιν
1008 3245 1069 3326 ἄρα
1102 3239 1124 3311 ri
1155 3251 1206 3311 νῦν
1235 3247 1346 3325 οἰόμεθ’

160 3357 247 3431 ἡμεῖς
291 3352 472 3430 πρόστητε,
516 3359 548 3419 et
581 3353 685 3419 multo
720 3356 820 3418 etiam
854 3355 960 3442 magis
994 3354 1147 3420 haerebis.
1202 3354 1348 3444 Intelligi
1441 3353 1450 3368 '

158 3465 296 3546 poterat:
334 3459 372 3526 ἂν
407 3460 467 3539 οῖρα
492 3499 534 3508 -
560 3467 735 3534 ΓΕΝησαι,
770 3459 804 3524 id
840 3464 887 3524 est
922 3459 974 3523 εὀἰν
1007 3459 1067 3537 ἄρα
1097 3460 1251 3537 βασιλεὺς
1283 3469 1347 3535 τοῖς

156 3566 307 3642 Ἕλλησιν
342 3566 549 3636 ἐπιβουλεύων
583 3569 714 3646 Φανερὸς
750 3565 897 3643 γένηται,
932 3565 987 3631 sed
1018 3568 1211 3652 quicumque
1241 3572 1348 3634 totum

158 3672 265 3739 locum
300 3670 473 3760 diligenter
508 3672 754 3738 consideraverit
786 3674 901 3736 sentiet
936 3691 973 3736 ea
1003 3675 1111 3737 omnia
1143 3671 1181 3737 ev
1212 3672 1272 3753 ἄρα
1305 3711 1345 3723 -

160 3779 338 3857 πράττηται
374 3780 515 3844 insiticia
549 3799 615 3844 esae
650 3784 682 3844 et
716 3777 894 3843 resecanda.
942 3775 1152 3864 Opponuntur
1181 3782 1265 3846 inter
1296 3798 1347 3845 ae:

159 3895 247 3951 NTN
273 3885 331 3962 μὲν
355 3893 481 3950 καλεῖτε
507 3884 579 3964 πρὸς
604 3885 686 3962 ὑμᾶς
713 3883 825 3955 αὐτοὺς
849 3883 919 3954 τοὺς
941 3885 1120 3960 Ἓλληνας.
1141 3885 1196 3950 sed
1216 3887 1349 3972 perditis

160 4011 305 4077 operam,
338 4010 433 4055 nemo
462 3991 555 4056 vobis
586 3990 794 4075 obtemperat.
838 3998 959 4055 ΤΟΤΕ
993 3991 1023 4056 δὲ
1056 3990 1150 4062 οὐδεὶς
1173 3991 1268 4065 δήπου
1291 3999 1350 4057 τῶν

162 4098 284 4162 πόντων
308 4096 463 4170 Ἑλλήνων
487 4098 550 4160 κτὲ.
575 4096 630 4161 sed
650 4117 749 4181 quum
769 4095 847 4160 haee
866 4095 1009 4184 longiore
1025 4095 1194 4162 intervallo
1214 4097 1352 4164 diremta

162 4210 280 4280 essent,
315 4209 444 4268 exortus
476 4209 524 4267 eat
554 4204 659 4267 neseio
688 4203 760 4288 quia
791 4205 847 4288 qui
878 4203 970 4267 nobie
1000 4206 1141 4267 narraret
1170 4203 1247 4286 quid
1270 4209 1352 4270 eaeet

161 4309 232 4376 τότε
256 4311 299 4375 δέ.
348 4307 438 4373 Idem
463 4311 646 4394 sequiorem
669 4328 757 4374 more
782 4307 959 4388 τρότσητοοι
984 4308 1067 4372 dixit
1090 4329 1146 4392 pro
1171 4308 1308 4384 γένηται.

206 4415 303 4502 Apud
332 4421 454 4480 veteres
476 4417 580 4492 λέγειν
605 4420 637 4480 et
660 4413 826 4495 τροίττειν,
849 4416 892 4480 τοὶ
916 4413 1075 4494 λεγόμενα
1098 4423 1131 4478 et
1154 4415 1196 4476 τα
1221 4416 1353 4498 πραττό-
