3304 5090
703 365 768 438 1173

139 566 227 629 sitias
258 564 340 627 ister
367 583 399 626 ιο
428 560 517 625 Eleos
545 565 574 624 et
604 558 729 623 Piratae
758 558 854 622 eodem
878 557 933 622 ν’ίίο
956 564 1078 624 suasim
1101 565 1226 645 tenpore
1248 587 1329 630 mr.

139 671 234 734 οιιίεεο
265 669 361 733 tradit
391 665 562 732 Pausanias
584 663 636 730 VI.
661 661 716 728 22.
740 661 772 728 2.
796 670 841 729 ita
864 671 898 730 ae
920 673 1058 753 atrosque
1079 667 1171 732 renat
1192 671 1330 736 societate

138 797 202 840 σανα
234 775 396 840 Messeniis
425 773 591 837 οοιιίυιιοίοο
612 771 718 856 faisse
735 793 845 854 parom
864 773 1018 856 probabile
1031 775 1103 856 fiat.
1129 773 1200 840 Nou
1223 777 1327 842 dicam

138 902 230 968 pesse
249 882 329 946 duos
347 882 493 946 inimicos
511 877 552 944 ed
572 898 775 945 communem
796 881 937 943 amioum
958 878 1190 959 adiuvandum,
1213 887 1245 948 et
1263 903 1330 948 ma-

139 991 190 1076 gis
214 988 316 1054 etiam
339 987 378 1052 ad
399 1005 603 1051 communem
622 983 759 1050 salutem
779 984 947 1069 tuendam,
967 989 1261 1062 armeeoueoeiare‚
1275 989 1330 1055 sed

139 1093 227 1159 malo
257 1098 448 1181 argumento
477 1093 527 1156 uti
558 1091 714 1178 graviore.
761 1089 898 1156 Prodest
920 1093 1011 1156 testis
1034 1112 1052 1157 a
1074 1092 1229 1160 Krumero
1253 1097 1329 1161 aits·

139 1205 206 1265 tus:
241 1199 377 1279 τεταρτρ
409 1196 441 1261 δὲ
466 1195 661 1274 Ὀλυμπιάδι
692 1197 744 1260 καί
772 1206 917 1278 soranos?
942 1198 1052 1277 κρατίν
1083 1200 1108 1264 οί
1131 1208 1254 1265 Πισαῖοι
1277 1200 1331 1264 καί

140 1304 295 1384 βασιλεὺς
326 1304 425 1367 αὐτῶν
456 1302 643 1368 Πανταλέων
675 1301 934 1382 ίὈμφαλίωνος
959 1303 1045 1383 παραὶ
1068 1310 1126 1369 τῶν
1151 1305 1330 1387 προσχώρων

141 1412 338 1492 ἀθροίσαντες
363 1408 507 1482 ἐποίησαν
531 1409 599 1472 ἀντ’
624 1406 751 1472 Ἠλείων
775 1410 817 1472 τοὶ
838 1410 1015 1487 Ὀλύμπια.
1051 1410 1141 1477 Idem
1161 1411 1200 1477 de
1220 1415 1330 1479 eodem

142 1518 254 1584 scribit
283 1514 339 1580 Vl.
371 1513 425 1580 21.
461 1514 490 1579 l.
524 1551 566 1562 -
596 1512 692 1592 dalea
721 1523 848 1580 Πισαῖον
872 1516 1083 1581 Πανταλέοντι
1108 1517 1332 1596 ἐναντιούμενον

143 1623 186 1702 τῷ
216 1620 441 1704 Ὀμφαλίωνος
465 1625 654 1701 τυραννοῦντι
681 1621 712 1682 ἐν
737 1621 815 1703 Πίσρς
840 1621 892 1686 καί
917 1625 1177 1689 'AllOCTACIN
1203 1623 1332 1702 βουλεύ-

143 1753 206 1794 οντι
235 1729 299 1794 ἀπὸ
333 1727 471 1791 Ἠλείων.
504 1725 721 1814 Oogitmdum
751 1729 894 1812 primum
925 1733 973 1793 est
1003 1731 1079 1815 quid
1110 1732 1154 1796 sit
1176 1729 1332 1799 ύπίςασιν

143 1835 316 1914 βουλεύειν,
351 1835 562 1920 similiterque
593 1835 631 1898 de
660 1833 878 1900 Pantaleontis
906 1833 972 1902 filio
1001 1835 1053 1902 VI.
1083 1835 1136 1902 22.
1163 1835 1193 1902 4.
1217 1837 1332 1919 Πύρρου

144 1944 175 2008 ll
197 1947 251 2008 τοῦ
271 1941 503 2013 Πανταλέοντος
523 1940 608 2018 μετὰ
628 1947 833 2022 Δαμοφῶντα
855 1941 905 2006 τὸν
926 1940 1063 2020 ἀδελφὸν
1082 1943 1331 2021 βασιλεύσαντος

145 2058 266 2115 Πισαῖοι
289 2049 426 2130 πόλεμον
447 2049 577 2114 ἑκούσιον
599 2048 793 2112 ἐπανείλοντο
813 2048 956 2119 Ἠλείοις.
990 2057 1333 2115 ctNAnecTHcaN

146 2154 178 2220 ll
205 2163 314 2237 σφισιν
345 2157 408 2220 ἀπὸ
439 2154 567 2220 Ἠλείων
599 2153 746 2222 Mentesa
779 2153 831 2218 καί
864 2154 1091 2229 Σκιλλούντιοι,
1115 2151 1194 2219 οὗτοι
1218 2156 1276 2232 μὲν
1300 2156 1335 2220 ἐκ

146 2269 199 2335 τῆς
242 2261 442 2341 Τριφυλίας,
484 2265 543 2324 τῶν
577 2259 607 2324 δὲ
643 2258 748 2324 ἄλλων
783 2260 937 2340 περιοίκων
973 2259 1163 2325 Δυσπόντιοι.
1211 2259 1336 2348 Nempe

148 2369 301 2444 ύτοςῆναι
326 2367 514 2453 (desciscere,
532 2365 674 2450 deterre)
700 2366 849 2431 dieantur
871 2367 926 2449 qui
948 2363 1031 2430 bello
1049 2364 1142 2430 fracti
1161 2372 1193 2431 et
1211 2367 1335 2432 subacti

148 2477 203 2542 sub
227 2475 362 2540 alterius
384 2473 494 2559 populi
517 2473 690 2556 imperium
715 2479 747 2538 et
769 2471 923 2536 ditionem
946 2470 1126 2537 oeciderunt
1149 2476 1181 2536 et
1207 2475 1335 2539 nomine

149 2585 222 2650 socii
244 2601 356 2664 reapse
374 2583 530 2664 imperata
549 2577 670 2644 fuciunt
692 2579 776 2642 etin
795 2577 847 2642 his
867 2575 990 2640 ἕπονται
1011 2573 1030 2658 ᾖ
1048 2575 1085 2640 ἄν
1105 2600 1151 2647 τις
1173 2577 1335 2655 ἐξηγῆται.

148 2691 256 2776 ltaque
284 2690 314 2752 si
344 2686 370 2749 οἱ
397 2687 534 2749 Πισᾶται
566 2685 613 2747 ita
642 2689 717 2748 sunt
746 2682 979 2748 Messeniorum
1011 2684 1104 2760 sosii,
1136 2703 1261 2748 neeesse
1288 2689 1336 2749 est

149 2817 198 2862 eos
230 2793 433 2860 Elidensium
465 2791 558 2876 signa
587 2791 695 2874 sequi,
725 2807 827 2872 neque
857 2786 924 2853 ullo
953 2787 1048 2852 modo
1078 2784 1146 2852 fieri
1172 2791 1277 2874 potuit
1300 2794 1337 2854 ut

146 2900 311 2966 illideuses
334 2916 409 2961 oum
436 2893 600 2981 Spartanis
619 2895 773 2971 fecerent,
794 2892 921 2959 Pisatee
940 2914 1013 2959 eum
1033 2892 1210 2958 Messeniis.
1247 2892 1338 2973 Quod

148 3013 255 3074 autem
287 3004 407 3068 dieitur
437 2998 612 3066 Pantaleon
635 3001 789 3068 οὶτίςασιν
813 2999 990 3078 βουλεύειν.
1014 3007 1047 3063 et
1069 2998 1233 3085 Pyrrhum
1255 2999 1338 3065 Pen-

149 3111 297 3178 taleoutis
326 3105 432 3172 filium
459 3107 630 3184 oleastrae,
656 3107 771 3171 diserte
796 3111 931 3170 testatur
953 3103 1127 3169 Pausanias
1149 3102 1201 3168 VL
1226 3104 1280 3170 22.
1305 3105 1336 3171 3.

148 3217 317 3284 rebellasse
352 3213 595 3280 Pantaleontem
630 3211 821 3300 Olympiade
856 3210 1006 3292 ωίροείοοα
1039 3217 1159 3295 quarta.
1208 3209 1337 3276 Bellum

150 3324 385 3391 Messeniaoum
416 3319 595 3386 confestum
626 3324 673 3384 est
705 3316 906 3404 Olympiadis
935 3317 1090 3399 aiaeeioeae
1120 3321 1238 3381 octavae
1260 3340 1338 3384 auno

150 3431 288 3505 ισσυπύο,
323 3426 358 3491 ἰοί
389 3430 436 3491 eet
466 3425 561 3490 XXII
592 3430 664 3491 ante
695 3427 800 3501 auuis;
833 3426 941 3507 itaque
970 3421 1052 3486 nihil
1075 3441 1187 3487 causae
1209 3428 1258 3488 est
1282 3445 1339 3488 our

151 3535 283 3624 vulgata
308 3532 393 3618 apud
416 3529 604 3597 Strabonem
627 3533 784 3616 seriptum
805 3528 956 3594 mendose
978 3548 1045 3594 esse
1069 3529 1279 3595 existimetur.

194 3640 348 3726 Sequitur
377 3643 415 3702 ut
443 3637 568 3702 disertis
598 3637 790 3701 testimoniis
822 3635 1037 3700 demonstrem
1067 3633 1230 3700 Elidenses
1254 3635 1339 3703 Mes-

150 3750 246 3816 seniis
268 3749 304 3811 in
325 3745 451 3808 seeundo
471 3741 554 3808 bello
576 3741 687 3807 tulisse
706 3761 809 3826 opem.
844 3740 1140 3805 Audi-Pausaniam
1161 3740 1214 3806 IV.
1236 3740 1288 3807 16.
1307 3742 1337 3810 ’7.

150 3853 335 3926 Μεσσηνίοις
371 3850 426 3927 μὲν
462 3843 511 3914 οὖν
545 3852 682 3913 Ἠλεῖοι
719 3847 770 3912 καί
802 3845 970 3927 Ἀρκάδες,
1003 3843 1047 3910 ἔτι
1080 3844 1111 3909 δὲ
1143 3845 1177 3923 ἐξ
1202 3849 1338 3925 Ἄργους

151 3962 285 4039 ἄφίκετο
312 3957 366 4023 καί
400 3960 545 4026 Σικυῶνος
578 3953 714 4031 βοήθεια.
761 3951 852 4032 Quod
882 3953 1103 4018 testimouium
1133 3949 1339 4019 confirmatur

151 4067 249 4133 altero
280 4063 335 4130 IV.
369 4061 422 4130 17.
447 4061 478 4128 2.
502 4063 558 4127 ubi
581 4061 690 4127 scribit
713 4057 887 4126 Messenios
910 4064 942 4124 et
966 4061 1065 4124 sooios
1087 4055 1223 4121 Arcades
1248 4064 1338 4126 atrox

151 4171 310 4257 proelium
339 4168 390 4233 ἐπί
421 4176 460 4249 τῇ
491 4167 665 4246 καλουμὲνρ
694 4165 823 4246 assolta
845 4165 955 4246 τοὶφρῳ
979 4163 1173 4229 commisisse
1197 4161 1337 4233 aladardo
1451 4176 1454 4183 '

152 4279 207 4356 alo
226 4283 287 4342 τῶν
310 4274 473 4339 Ἠλείων
496 4280 550 4348 τῆς
572 4273 705 4354 aalma,
721 4268 859 4335 ύπίντων
879 4270 911 4335 ll
932 4269 1079 4348 Ἀργείαν
1092 4267 1143 4330 καί
1160 4272 1337 4338 Σικυωνίων.

152 4385 222 4451 Non
253 4382 404 4469 fugerunt
432 4380 509 4444 haee
541 4379 752 4453 Kramerum,
777 4376 832 4442 sed
856 4378 978 4454 „Eleos
1002 4395 1073 4460 quos
1095 4373 1265 4440 Pausanias
1287 4401 1336 4460 αρν

144 4492 244 4576 pellat
274 4486 491 4556 Μοοισκίοοννιι
522 4491 614 4550 tostos
649 4481 794 4572 (inquit),
833 4482 960 4548 Pisatas
993 4479 1110 4546 videtur
1145 4479 1343 4565 iutelta'aerel¹
