3304 5090
690 379 754 447 loa

139 564 306 648 probassent
335 566 510 632 adscribere
542 570 577 632 in
600 572 745 657 margine
768 570 863 650 ἀξιον.
900 571 1033 656 Saepius
1057 575 1166 636 autem
1189 568 1311 634 factum

140 676 180 734 est
204 675 239 734 ut
269 670 352 747 ἀξιον
384 693 422 737 ex
452 694 507 738 ora
538 674 614 740 libri
645 679 843 760 ineptissime
873 680 906 742 in
934 681 1114 742 contextam
1137 676 1311 741 orationem

138 777 327 860 reciperetur,
360 784 397 842 ut
427 783 561 864 scriptor
590 781 764 846 ridiculum
791 785 825 847 in
849 784 981 848 modum
1004 782 1063 846 sibi
1085 782 1147 864 ι’ριι
1167 781 1312 864 plaudere

137 880 279 946 videatur.
323 883 475 950 hibernus
506 886 627 952 dixerat
660 887 702 950 ΙΙ.
738 887 813 954 189.
847 889 877 953 3.
910 890 969 965 ἐγὼ
1002 888 1032 952 δὲ
1060 887 1157 964 ἠξίουν
1180 889 1231 951 τθν
1256 889 1310 964 πρὸ

136 987 212 1051 τοῖνδε
236 985 469 1074 (Constantium
490 989 608 1057 Iuliani
628 993 835 1074 decessorem)
855 995 896 1058 τά
917 995 973 1070 μὲν
994 995 1050 1057 τῶν
1064 994 1204 1058 ἐναντίων
1219 991 1310 1075 (aaa)

136 1095 294 1172 καθαιρεῖν,
319 1133 362 1142 -
386 1097 499 1161 οίκείων
522 1097 626 1172 μέντοι
651 1105 787 1162 ναῶν-
811 1100 862 1162 καί
884 1099 1127 1177 προκινδυνεύειν.
1165 1096 1201 1161 In
1220 1097 1312 1162 libris

135 1205 176 1263 est
200 1201 250 1263 καί
283 1203 516 1278 προκινδυνεύειν
548 1201 642 1276 ἀξιον.
681 1202 832 1270 Suboluit
861 1205 947 1272 fraus
973 1204 1122 1280 Raiskio‚
1147 1207 1201 1288 qui
1228 1202 1311 1277 ἀξιον

134 1310 288 1390 expunxit.
324 1307 363 1370 In
391 1306 535 1372 Platonis
566 1310 641 1392 Rep.
673 1330 745 1396 pag.
777 1309 854 1375 496.
879 1331 910 1374 Α,
948 1312 1086 1398 legitur:
1119 1303 1166 1388 ἀρ’
1191 1312 1250 1386 οὐχ
1274 1311 1311 1378 ar

133 1413 242 1482 ἀληθῶς
278 1413 469 1490 τροσιίιιοντιι
505 1415 634 1478 ἀκοῦσαι
671 1416 858 1494 σοφίσματα
894 1418 946 1480 καί
983 1418 1063 1480 οὐδὲν
1085 1417 1214 1493 ’γνήσιον
1247 1415 1312 1482 οὐδὲ

132 1519 293 1597 φρονήσεως
327 1515 437 1604 [ἀξιον]
472 1520 614 1592 ἀληθινῆς
649 1521 814 1599 ἐχθμενονς
849 1523 904 1587 sed
927 1523 1078 1606 deprensa
1102 1522 1188 1588 fraus
1210 1527 1258 1586 est
1281 1525 1313 1584 et

130 1624 207 1700 ἀξιον
229 1623 383 1689 deletum.
418 1624 529 1690 Minus
552 1629 745 1710 perspicaces
769 1629 853 1692 docti
872 1629 1016 1694 homines
1035 1629 1164 1693 fuerunt
1187 1629 1220 1691 in
1239 1625 1312 1694 Pla·

130 1735 206 1795 tonis
228 1731 305 1814 Ιθσρ.
330 1752 402 1818 pag.
431 1729 505 1794 504.
527 1749 557 1796 a.
582 1733 615 1795 οὐ
638 1741 759 1809 γελοῖον
782 1733 832 1797 ἐπί
847 1735 910 1809 μὲν
934 1731 1042 1806 ἀλλοις
1067 1738 1192 1811 σμικροῦ
1217 1731 1311 1808 ἀξίοις

130 1841 187 1900 τάν
216 1844 311 1900 ποιεῖν
343 1835 581 1912 συντεινομένους
612 1833 692 1908 ὅπως
725 1835 770 1902 ὅτι
800 1839 998 1919 ἀκριβίςοιτοι
1030 1840 1082 1904 καί
1107 1840 1311 1917 καθαρώτατα

128 1940 200 2025 ἕξει,
224 1943 285 2006 τῶν
310 1942 341 2005 δὲ
365 1943 503 2018 μιγίςιον
524 1943 568 2018 μὴ
589 1946 727 2020 μεγίςας
755 1943 859 2019 ἀξιοῦν
878 1941 953 2010 εἶναι
979 1945 1031 2010 καί
1061 1945 1310 2024 τάιάιιριβείας;

130 2051 180 2112 Καὶ
213 2049 327 2125 μάλα,
362 2046 421 2127 ἔφη
454 2046 552 2132 [ἀξιον
579 2051 613 2114 τί
644 2049 821 2132 deusdona}
847 2051 892 2114 df.
923 2049 993 2114 Vor.
1018 2051 1110 2114 Lecti.
1136 2071 1208 2138 pag.
1234 2049 1311 2115 480.

128 2156 213 2240 Apud
244 2153 459 2219 Iamblichum
493 2157 527 2218 in
558 2155 837 2236 vitaPyttoporae
866 2153 961 2240 541.
985 2155 1120 2242 legitur:
1144 2156 1255 2234 ἐφεξῆς
1281 2157 1312 2221 δὲ

128 2262 211 2338 ἔλεγε
236 2260 465 2347 (Pythagoras)
491 2260 556 2334 περὶ
582 2260 790 2337 σωφροσύνης,
809 2299 857 2326 ,--
872 2257 950 2326 ,εἶτα
976 2259 1175 2338 προετρέπετο
1199 2262 1314 2338 θεωρεῖν

127 2367 232 2452 [ἀξιον]
267 2364 313 2429 ὅτι
344 2365 437 2441 μίνης
471 2373 526 2430 τοῖν
559 2369 672 2444 ἀρετῶν
694 2367 811 2440 ταύτης
837 2367 888 2432 καί
914 2367 999 2432 παιδί
1024 2366 1076 2430 καί
1102 2367 1235 2447 παρθένῳ
1260 2367 1311 2432 καί

126 2474 242 2548 γυναικί
275 2472 495 2536 ἀντιποιεῖσθαι
530 2473 681 2550 προσήκει.
718 2473 875 2537 Kustems
899 2478 1029 2538 acutum
1048 2493 1177 2538 cernere
1200 2472 1313 2540 solitus

127 2584 266 2644 annotat:
294 2579 411 2655 „oratio
434 2586 462 2641 et
484 2601 586 2641 οααιιιε
608 2579 717 2641 rectius
736 2581 920 2660 procederet,
944 2579 972 2642 εί
984 2575 1067 2653 ἀξιον
1078 2579 1221 2647 delectur.
1259 2580 1314 2644 aar

126 2686 196 2748 ιιιίιιι
221 2705 489 2768 superuacaneum,
514 2707 567 2748 nec
588 2685 631 2748 ud
652 2685 746 2747 ίοοιωιι
768 2685 846 2746 Ιιιιιισ
868 2685 1023 2769 quicquam
1038 2683 1152 2767 socit.”
1187 2683 1312 2770 Perspi-

126 2813 217 2856 cuum
247 2812 332 2854 nuuc
363 2793 426 2855 erit
452 2791 512 2855 tibi
534 2790 618 2856 unde
641 2790 770 2857 taudem
795 2793 982 2856 situatum.
1018 2789 1117 2856 Plane
1139 2789 1226 2854 idem
1249 2789 1312 2856 fao-

125 2903 189 2962 tum
222 2902 270 2962 ast
301 2897 386 2981 apud
417 2896 588 2961 Libanium
621 2895 676 2960 IV.
696 2895 784 2960 ·646.
818 2895 870 2960 15.
895 2895 960 2960 ἐπεί
986 2895 1037 2962 καί
1059 2900 1110 2959 τὸν
1133 2894 1312 2973 ἀνδροφόνον

126 3003 227 3080 κρίνειν
259 3001 376 3078 ἔξεςιν,
409 3003 485 3066 ἀλλ’
516 3004 557 3067 cd
581 3001 632 3066 τίν
667 3025 707 3078 γε
738 3002 793 3080 τίιν
816 3010 910 3080 χεῖρα
932 3001 1062 3079 καθαρόν
1086 2997 1212 3085 [ἀξιον].
1248 3000 1312 3064 Ubi

125 3109 196 3174 haec
223 3105 324 3174 semel
348 3108 500 3192 deprensa
521 3113 595 3172 sunt
618 3105 746 3173 difficile
771 3112 818 3172 est
840 3105 1009 3193 uolgatam
1032 3109 1221 3190 scripturam
1245 3109 1312 3170 sine

125 3218 186 3279 risu
209 3213 360 3302 relegere.

441 3458 664 3544 araonrec
690 3490 731 3499 -
758 3459 992 3546 nmonuec.

167 3636 320 3708 ursanus
351 3634 407 3700 111.
441 3655 513 3722 pag.
549 3633 623 3698 141.
657 3633 708 3698 la.
741 3593 868 3698 sonoro:
901 3587 1313 3715 tarasconenses

125 3855 175 3920 τῆς
209 3852 284 3918 ςσάς
313 3845 434 3912 ἀπασιυ
467 3847 603 3926 ὑπῆρχεν
628 3846 746 3910 εἰδέναι.
783 3843 924 3910 Emenda
947 3846 1121 3911 ἈΙθάντων
1157 3845 1315 3931 Frequens

124 3953 295 4018 mmodum
326 3952 404 4018 hacc
435 3951 576 4016 confusio
606 3958 663 4016 cst.
696 3949 813 4016 ’Ἃιδειν
836 3955 868 4014 et
890 3950 1015 4032 ᾄδεσθαι
1040 3973 1131 4036 saepe
1155 3952 1238 4036 apud
1262 3952 1314 4016 Li-

124 4057 253 4124 bauium
289 4060 418 4144 ponitur
452 4057 491 4124 de
521 4059 562 4122 iis
592 4059 703 4129 rebus,
736 4076 816 4140 quae
839 4057 943 4138 polum
975 4063 1003 4120 et
1024 4057 1135 4119 crebris
1156 4057 1313 4120 multorom

124 4165 303 4228 ιαννιιωιθθιιι
327 4165 521 4228 celebrantur.
558 4161 714 4247 Exempla
733 4160 887 4246 quaedam
909 4162 1044 4246 proferre
1062 4165 1162 4226 iuvat.
1178 4161 1202 4226 Ι.
1216 4160 1268 4226 78.
1282 4162 1312 4235 2,

124 4271 173 4333 καί
195 4275 245 4334 νῦν
268 4275 358 4334 τοῦτο
374 4269 484 4351 ᾅδεται
504 4271 576 4346 παρ’
596 4271 717 4347 ἀμφοῖν
738 4269 785 4340 τίς
807 4268 859 4330 καί
880 4269 957 4336 τίνος
978 4265 1243 4338 actussima.
1261 4268 1312 4333 18.

124 4377 213 4438 ταυτί
239 4377 301 4452 μὲν
335 4373 443 4454 tropon
474 4375 557 4456 ᾄδειν
585 4375 734 4456 ἀφείσθω.
765 4371 781 4436 Ι
819 4371 894 4438 314.
924 4370 977 4436 12.
1011 4371 1052 4435 τά
1076 4374 1202 4438 παλαιοί
1227 4380 1313 4456 σφῶν
