3348 5086
899 347 965 417 414

378 537 470 603 Iliad.
497 546 531 602 Z.
557 533 609 604 74.

558 645 659 710 Ἑίλιον
681 641 890 720 εἰσανέβησαν
913 645 1108 727 άναλκΕΙησι
1134 643 1297 723 δαμέντες.

377 748 481 814 Nihili
510 750 613 815 forma
644 754 692 814 est
720 750 900 831 άναλκείησι
925 749 999 815 ficta
1022 751 1061 815 ab
1084 751 1125 816 iis
1148 754 1205 836 qui
1226 756 1331 817 metro
1353 755 1459 816 essent
1482 753 1531 816 ni-

331 857 436 919 mium
459 853 601 920 solliciti.
648 855 818 922 Habebunt
842 856 901 922 hoc
923 863 1046 924 veteres
1069 863 1227 936 cantores,
1249 863 1288 923 ut
1306 857 1531 923 huiuscemodi

331 963 480 1026 metricas
499 960 703 1028 difficultates
721 965 756 1028 vi
775 964 949 1029 domarent.
985 963 1095 1030 Sicubi
1114 970 1162 1030 est
1181 965 1287 1030 brevis
1305 964 1426 1030 vocalis
1444 966 1531 1028 inter

334 1065 412 1132 duas
434 1067 546 1156 longas
570 1068 710 1156 syllabas
732 1070 873 1156 inclusa,
897 1091 954 1157 pro
976 1070 1074 1158 longa
1096 1076 1249 1150 utuntur,
1267 1076 1306 1136 ut
1328 1073 1362 1135 in
1386 1069 1529 1148 ὑποδεξίη
1662 1061 1663 1104 7

331 1171 423 1238 Iliad.
449 1185 473 1239 Ι.
499 1173 553 1241 73.

512 1280 602 1346 πάσά
626 1305 671 1346 σοι
696 1281 756 1347 ἔσθ’
781 1283 939 1361 ὑποδεξίη,
966 1283 1089 1348 πολέσιν
1114 1284 1144 1348 δὲ
1169 1285 1341 1355 ιαυάσσεις.

331 1388 377 1451 sic
407 1387 439 1451 et
469 1390 502 1452 in
533 1389 696 1468 άνοιλκίησι
729 1388 880 1466 δαμέντες
911 1391 1142 1476 permultisque
1177 1391 1216 1456 de
1247 1411 1363 1478 genere
1392 1389 1526 1467 eodem,

331 1513 469 1576 quorum
492 1493 646 1560 nonnulla
669 1515 835 1581 apponam.

377 1598 470 1664 Iliad.
495 1610 535 1666 A.
559 1599 636 1666 205.
662 1602 869 1681 ὑπεροπλίησι.

378 1716 411 1769 Β.
438 1703 514 1770 538.
539 1707 730 1788 προίυμίησι.

378 1809 436 1875 Od.
461 1836 486 1876 ν.
514 1810 589 1878 142.
616 1812 767 1895 άπιμίησι.

378 1941 411 1981 ιι.
434 1916 512 1983 251.
536 1920 688 1999 άεερνίης.

378 2025 559 2107 Ἀναλκίησι
591 2026 641 2090 bis
672 2027 707 2090 in
738 2023 916 2106 άναλκείησι
948 2023 1156 2109 depravatum
1189 2028 1237 2090 est
1266 2023 1356 2090 iliad.
1388 2035 1423 2088 P.
1447 2022 1526 2089 320.

376 2234 497 2300 Eodem
521 2255 623 2300 errore
645 2255 702 2321 pro
726 2233 856 2315 άὺδρίησι
882 2239 915 2300 et
938 2233 1129 2316 πολυίδρίησι
1154 2234 1304 2300 scribitur
1325 2232 1384 2298 Od.
1404 2257 1434 2296 κ.
1459 2231 1528 2298 110

332 2346 364 2406 et
388 2339 463 2407 257.
496 2339 660 2426 άίδρείηοι,
694 2346 726 2405 et
756 2341 791 2417 β.
818 2337 894 2404 346.
927 2339 1133 2422 πολυϊδρείηοι
1158 2345 1265 2406 contra
1287 2338 1470 2426 analogiam
1492 2343 1528 2404 et

332 2468 441 2512 usum.

375 2552 497 2618 Eadem
528 2549 675 2615 libertate
700 2555 811 2635 poetae
835 2553 869 2614 iu
893 2549 954 2624 ίςίη
982 2551 1124 2616 mediam
1147 2571 1204 2637 pro
1226 2550 1324 2637 longa
1345 2550 1525 2635 ponebant,

331 2663 364 2724 et
396 2659 525 2723 omnino
557 2657 584 2720 si
620 2675 683 2739 qun
721 2663 803 2722 esset
841 2660 875 2721 in
921 2658 1086 2722 necessario
1123 2657 1225 2722 forma
1264 2655 1435 2722 difficultas
1467 2653 1527 2720 ali·

330 2783 393 2848 qua
423 2765 557 2828 metrica
587 2781 642 2846 per
672 2765 741 2828 vim
771 2764 1025 2848 perrumpebant.
1083 2763 1159 2828 Tres
1191 2764 1303 2829 breves
1339 2763 1526 2828 continuau-

330 2874 384 2933 tur
406 2871 441 2933 in
464 2866 616 2939 άίάνασος
641 2867 820 2946 άκάμαπος,
848 2869 1046 2944 άπουέεσίαι,
1068 2869 1245 2943 άπονέονσο,
1268 2868 1345 2955 quid
1364 2865 1433 2932 illi?
1453 2888 1524 2952 pro·

331 2975 452 3040 ducunt
481 2977 633 3058 primam.
689 2973 747 3038 Uti
785 2995 847 3040 non
879 2981 1024 3061 poterant
1055 2976 1158 3041 forma
1189 2975 1320 3051 Ζέλεια,
1354 2973 1524 3057 Ζάκυνθος,

330 3078 549 3157 Σκάμανδρος,
574 3081 638 3144 nisi
659 3085 697 3144 ut
721 3080 908 3165 praecedens
928 3082 1034 3148 brevis
1053 3081 1177 3170 syllaba
1196 3103 1259 3148 non
1279 3081 1434 3166 positione
1453 3100 1527 3165 pro-

331 3186 508 3251 duceretur.
556 3184 628 3250 Non
652 3185 801 3250 dubitant
824 3187 913 3252 dare:

375 3303 409 3357 B.
433 3289 509 3355 824.
526 3284 560 3355 ὀἳ
584 3291 615 3354 δὲ
640 3288 780 3356 Ζέλειαν.

375 3405 409 3462 Γ.
437 3393 511 3462 103.
537 3395 611 3464 οάςυ
636 3397 773 3472 Ζελείης.

375 3515 408 3568 Β.
435 3499 512 3566 634.
539 3499 570 3566 οί
588 3526 624 3566 σε
649 3501 809 3569 Ζάκυνθον.

376 3632 394 3674 ι.
421 3607 475 3674 24.
501 3608 640 3683 ὑλήεσσα
664 3608 826 3683 Ζάκυνθος.

375 3726 415 3780 Τ.
442 3712 496 3782 74.
521 3713 552 3778 δὲ
576 3713 788 3794 Σκάμανδρον.

375 3829 411 3885 Φ.
439 3819 515 3885 124.
541 3821 628 3884 άλλάι
654 3820 866 3900 Σκάμανδρος.

375 3924 452 3991 223.
476 3931 580 3990 ταῦτα
605 3926 814 4008 Σκάμανδρος.

376 4031 452 4096 305.
477 4032 541 4096 οὑδὲ
566 4033 779 4112 Σκάμανδρος.

376 4149 412 4203 Χ.
440 4136 514 4203 148.
540 4139 718 4203 άναίσσουσι
743 4137 956 4218 Σκαμάνδρου.

376 4252 412 4308 Ζ.
437 4242 513 4309 402.
539 4245 690 4310 καλέεσκε
716 4242 936 4324 Σκαμάνδριον.

330 4350 416 4415 idem
438 4353 472 4414 in
496 4350 661 4430 σκέπαρνον
685 4351 860 4417 faciebant:

375 4483 400 4521 ε.
427 4455 503 4524 237.
530 4457 642 4523 ἔπειτα
666 4457 841 4536 σκέπαρνον.
