3308 5090
912 358 956 426 el

341 545 458 615 Fuerat
492 549 909 626 κστελνθιισσιΤΕΛΕΩΟ,
943 549 1038 634 idque
1068 543 1285 634 reponendum
1316 546 1554 622 κατελύθησαν

341 654 466 727 τελέως.
689 722 694 731 ,

384 783 432 826 νε.
466 760 521 827 36.
545 762 779 848 ΑθΙΠ(ιινδρεῖ)
805 758 911 829 Oodex
935 767 968 826 et
990 760 1165 826 Kramerus
1188 758 1324 826 solemni
1345 781 1452 827 errore
1484 781 1551 848 pro

341 868 510 947 λιτιινδρεῒ.

817 987 976 1057 Columna
998 988 1055 1055 111.

385 1225 431 1270 vs
470 1202 500 1268 5.
537 1199 615 1270 Ood.
649 1202 822 1268 τιδετιιλιιι
856 1201 980 1289 (decem
1013 1201 1126 1268 literae
1155 1204 1330 1289 perierunt)
1366 1195 1509 1268 τιντιῑλι
1525 1203 1546 1243 *

340 1312 609 1384 adminiscetur.
653 1309 702 1375 Κι-
747 1311 782 1372 ci
818 1308 849 1373 δὲ
885 1309 1020 1373 παλαιὸν
1056 1307 1266 1385 ἑκστθμτσλθν
1299 1314 1397 1389 φασιν
1433 1310 1546 1384 αὐτὴν

341 1419 515 1482 καλεῖσθαι.
567 1415 605 1480 In
628 1413 743 1481 Codice
765 1414 886 1480 fuerat:
910 1408 1466 1498 τιθετσλσι(σνφιισινεκιι)τιντθλιν.

385 1545 433 1589 vs.
459 1520 512 1587 10.
536 1519 613 1587 (lod.
638 1544 955 1598 ιιιιτετοστιιριιυτιισ.
980 1519 1038 1585 Kr.
1062 1523 1135 1600 παρ’
1158 1523 1263 1592 αὐτοῖς
1288 1521 1361 1586 κατ’
1386 1518 1466 1594 ἔτος.

385 1649 432 1695 νε.
471 1626 525 1693 34.
558 1624 634 1692 Ood.
671 1651 824 1707 ντιιρισις.
862 1626 921 1693 Kr.
958 1629 1119 1704 ὑπωρείαις
1154 1627 1279 1693 Passim
1311 1630 1410 1693 etiam
1446 1648 1541 1692 nuno

341 1735 426 1819 apud
451 1732 639 1799 Strabonem
661 1743 674 1797 1
697 1734 846 1799 scribitur
868 1734 926 1798 ubi
951 1741 990 1797 ΕΙ
1014 1739 1082 1798 erat
1104 1734 1323 1812 scribendum,
1347 1737 1380 1798 et
1402 1739 1535 1810 contra,

330 1829 377 1906 'ut
400 1860 495 1926 supra
518 1840 683 1917 ε’λεγΙΑΝ.

382 2053 451 2120 Iam
476 2060 512 2119 tu
537 2055 625 2120 vides
646 2053 729 2118 nihil
752 2056 786 2118 in
808 2054 859 2118 his
879 2056 981 2119 inesse
1003 2053 1087 2138 quod
1107 2051 1185 2118 laeti
1205 2057 1237 2118 et
1255 2055 1341 2141 grati
1361 2075 1380 2119 a
1397 2059 1533 2120 vetusto

337 2160 420 2225 libro
443 2162 655 2246 accipiamus,
679 2159 763 2224 nihil
787 2160 870 2245 quod
891 2159 988 2224 iaciat
1009 2159 1050 2224 ed
1069 2157 1258 2226 Strabonem
1278 2159 1531 2226 emendandum.

337 2266 374 2330 In
396 2266 478 2331 libro
502 2265 549 2330 IX
572 2264 727 2350 quidquid
750 2285 769 2329 a
792 2265 935 2352 vulgatis
954 2264 1111 2350 discrepat
1131 2268 1285 2331 vitiosum
1305 2267 1439 2332 estsine
1460 2265 1534 2331 ulla

338 2376 537 2458 exceptione:
573 2377 814 2451 τρωτινεφιιμεν
849 2391 906 2457 pro
936 2362 969 2442 ic
1000 2374 1119 2450 πρώτην
1154 2371 1294 2453 ἔφαμεν,
1330 2373 1531 2437 σνντεθεισων

336 2479 617 2565 praeeminetis,
639 2501 816 2556 κερρννιισειν
839 2497 895 2563 pro
917 2478 1119 2559 χερρσνθσων,
1145 2480 1344 2559 τριστεθεισσ
1362 2499 1419 2565 pro
1433 2501 1531 2558 τρνσ·

337 2588 474 2656 τιθεῖσιν,
518 2579 1070 2662 τριτιινδῆτιιυτνντρισλιιμβιινσνσιν
1106 2605 1161 2670 pro
1207 2586 1292 2664 τρίτη
1338 2582 1365 2649 θ’
1400 2585 1416 2658 ἦ
1451 2585 1529 2664 πρὸς

336 2691 437 2770 ταύτῃ
468 2688 767 2767 προσλαμβάνουσι.
814 2688 968 2778 Indignae
999 2697 1180 2758 memoratu
1214 2696 1289 2756 sunt
1318 2691 1377 2756 hae
1412 2710 1528 2756 omnes

336 2799 525 2870 varietates,
559 2801 591 2860 et
621 2799 690 2861 sine
720 2795 836 2861 damno
866 2797 945 2861 haec
976 2817 1049 2881 pars
1072 2795 1271 2882 palimpsesti
1294 2793 1420 2862 Codicis
1444 2795 1526 2862 olim

335 2904 437 2989 perire
459 2903 625 2987 potuisset.

380 3007 418 3072 ln
446 3007 590 3095 longiore
612 3008 792 3096 fingmento
815 3008 891 3074 libri
913 3007 989 3073 VIII
1012 3009 1089 3094 quid
1110 3008 1194 3074 lucri
1215 3005 1371 3074 lecimus?
1413 3006 1526 3074 Sicubi

336 3109 443 3181 Codex
472 3135 492 3179 a
522 3114 656 3202 vulgata
686 3116 843 3200 scriptura
870 3113 1005 3180 discedit
1036 3119 1162 3180 tantum
1193 3134 1255 3179 non
1278 3117 1386 3179 omnia
1407 3115 1527 3180 menda

336 3225 411 3286 sunt
434 3241 531 3306 eaque
554 3219 733 3284 futilissimi
757 3222 883 3306 generis
906 3226 939 3286 et
961 3219 1033 3286 luce
1055 3221 1198 3308 indigna.
1231 3219 1381 3286 Fueritne
1404 3223 1438 3284 in
1463 3220 1524 3286 col.

335 3323 377 3390 II.
411 3325 443 3392 2.
473 3345 549 3391 vera
580 3325 675 3390 lectio
703 3325 719 3400 ἢ
745 3325 911 3402 deoperta
934 3325 1108 3390 admodum
1130 3329 1289 3390 incertum
1312 3331 1376 3403 est,
1401 3331 1433 3391 et
1456 3329 1526 3392 sine

335 3427 462 3497 Codicis
485 3429 605 3496 auxilio
624 3429 783 3495 Porsonus
806 3429 970 3496 Strabonis
993 3451 1125 3496 manum
1149 3435 1297 3518 repperit.
1332 3431 1370 3496 In
1393 3435 1526 3498 caeteris

334 3536 418 3601 nihil
436 3543 484 3602 eat
506 3537 590 3621 quod
612 3539 770 3621 suscipere
789 3535 870 3601 velis
887 3545 1011 3622 praeter
1034 3538 1094 3603 hoo
1117 3553 1224 3622 ouon,
1247 3543 1285 3602 ut
1308 3535 1377 3604 Ool.
1400 3537 1442 3603 II.
1469 3537 1523 3604 18.

333 3642 460 3730 legatur
481 3642 696 3717 κατελύθησαν
719 3641 849 3718 τελέως,
874 3643 931 3708 ubi
955 3646 1071 3709 caeteri
1092 3644 1169 3710 libri
1191 3645 1303 3718 τελέως
1328 3647 1492 3710 omittunt

379 3850 395 3917 Ι
423 3875 507 3919 nunc
537 3858 569 3920 et
599 3854 689 3920 crede
718 3853 844 3920 Itdicori
875 3854 1008 3919 dicenti:
1045 3855 1111 3932 „do
1136 3857 1299 3940 discoperto
1321 3857 1355 3920 da·
1378 3879 1419 3920 ιινι
1443 3857 1522 3920 anti·

333 3958 467 4024 odecimo
496 3967 569 4025 tecto
599 3961 679 4024 dello
711 3961 867 4044 Geoyroflo
897 3961 930 4024 di
959 3962 1100 4025 Strabone
1128 3960 1144 4026 ὲ
1175 3962 1209 4026 di
1234 3963 1299 4026 olto
1321 3963 1521 4046 importem,
1642 4009 1643 4046 ζ

332 4086 391 4129 τισιν
421 4067 482 4131 σοῖν
505 4089 564 4150 per
590 4067 638 4147 qt·
666 4067 749 4130 cedi
778 4067 897 4130 classici
927 4090 942 4130 e
963 4068 1114 4151 filohyics'
1144 4069 1186 4132 od
1207 4077 1340 4132 accertor
1364 4069 1396 4132 lo
1411 4067 1521 4152 perita

332 4173 383 4236 del
404 4179 491 4250 ueto,
517 4195 565 4235 mo
587 4171 722 4235 aeneio
742 4195 797 4254 per
818 4172 912 4257 quelli
931 4173 1090 4256 yeoyraeyios'
1114 4197 1129 4237 e
1151 4173 1284 4239 storia?

376 4276 426 4343 Ne
458 4278 592 4344 verbum
627 4275 757 4362 quidem
787 4280 822 4342 in
851 4278 903 4342 his
935 4300 1048 4344 verum
1084 4285 1132 4344 est
1163 4285 1195 4345 et
1226 4301 1332 4346 merae
1363 4285 1437 4345 sunt
1460 4281 1520 4346 hae
1642 4251 1643 4322 i

331 4383 451 4448 indocti
483 4383 624 4448 hominis
654 4381 936 4466 hallucinationes,
991 4390 1005 4449 t
1034 4386 1067 4448 in
1093 4406 1168 4450 sum
1198 4389 1366 4453 conveniat
1396 4386 1519 4450 dictum

331 4487 475 4558 Electrae
497 4487 537 4556 ad
560 4487 690 4553 fratrem
706 4493 949 4580 aegrotantem:
