<?xml version="1.0" encoding="UTF-8"?>
<!DOCTYPE html PUBLIC "-//W3C//DTD XHTML 1.0 Transitional//EN"
    "http://www.w3.org/TR/xhtml1/DTD/xhtml1-transitional.dtd">
<html xmlns="http://www.w3.org/1999/xhtml" xml:lang="en" lang="en">
 <head>
  <title>
</title>
<meta http-equiv="Content-Type" content="text/html;charset=utf-8" />
  <meta name='ocr-system' content='tesseract 3.04.00' />
  <meta name='ocr-capabilities' content='ocr_page ocr_carea ocr_par ocr_line ocrx_word'/>
</head>
<body>
  <div class='ocr_page' id='page_1' title='image "./miscellaneacrit00cobegoog/miscellaneacrit00cobegoog_0518.png"; bbox 0 0 3356 5084; ppageno 0'>
   <div class='ocr_carea' id='block_1_1' title="bbox 757 304 824 377">
    <p class='ocr_par' dir='ltr' id='par_1_1' title="bbox 757 304 824 377">
     <span class='ocr_line' id='line_1_1' title="bbox 757 304 824 377; baseline 0.015 -2"><span class='ocrx_word' id='word_1_1' title='bbox 757 304 824 377; x_wconf 81' lang='grc'><em>603</em></span> 
     </span>
    </p>
   </div>
   <div class='ocr_carea' id='block_1_2' title="bbox 183 495 1381 2289">
    <p class='ocr_par' dir='ltr' id='par_1_2' title="bbox 185 495 1381 1645">
     <span class='ocr_line' id='line_1_2' title="bbox 186 495 1380 584; baseline 0.002 -20"><span class='ocrx_word' id='word_1_2' title='bbox 186 517 261 564; x_wconf 86' lang='lat' dir='ltr'><em>oum</em></span> <span class='ocrx_word' id='word_1_3' title='bbox 290 497 350 564; x_wconf 66' lang='lat' dir='ltr'>stoi</span> <span class='ocrx_word' id='word_1_4' title='bbox 377 496 548 563; x_wconf 76' lang='grc' dir='ltr'><em>οοιιοόίίονε.</em></span> <span class='ocrx_word' id='word_1_5' title='bbox 596 495 847 584; x_wconf 69' lang='lat' dir='ltr'>Harpocration:</span> <span class='ocrx_word' id='word_1_6' title='bbox 869 507 1159 566; x_wconf 76' lang='grc' dir='ltr'><strong>ΠΑΡΑΓΓΕΛΙΑτ</strong></span> <span class='ocrx_word' id='word_1_7' title='bbox 1185 498 1380 582; x_wconf 89' lang='grc' dir='ltr'><em>Δημισόένης</em></span> 
     </span>
     <span class='ocr_line' id='line_1_3' title="bbox 186 597 1379 690; baseline 0.003 -22"><span class='ocrx_word' id='word_1_8' title='bbox 186 605 217 668; x_wconf 81' lang='grc' dir='ltr'><em>ἕν</em></span> <span class='ocrx_word' id='word_1_9' title='bbox 234 605 277 686; x_wconf 73' lang='grc' dir='ltr'><em>τῷ</em></span> <span class='ocrx_word' id='word_1_10' title='bbox 297 605 369 669; x_wconf 81' lang='grc' dir='ltr'><em>κατ’</em></span> <span class='ocrx_word' id='word_1_11' title='bbox 391 604 556 690; x_wconf 74' lang='grc' dir='ltr'><em>Αἰσχίνου,</em></span> <span class='ocrx_word' id='word_1_12' title='bbox 580 600 661 684; x_wconf 84' lang='grc' dir='ltr'><em>,,όση</em></span> <span class='ocrx_word' id='word_1_13' title='bbox 673 605 730 683; x_wconf 77' lang='grc' dir='ltr'><em>μὲν</em></span> <span class='ocrx_word' id='word_1_14' title='bbox 753 603 869 682; x_wconf 76' lang='grc' dir='ltr'><em>οπουδη</em></span> <span class='ocrx_word' id='word_1_15' title='bbox 893 606 961 689; x_wconf 76' lang='grc' dir='ltr'><em>περὶ</em></span> <span class='ocrx_word' id='word_1_16' title='bbox 984 597 1099 672; x_wconf 75' lang='grc' dir='ltr'><em>τουτονὶ</em></span> <span class='ocrx_word' id='word_1_17' title='bbox 1124 607 1175 672; x_wconf 85' lang='grc' dir='ltr'><em>τόν</em></span> <span class='ocrx_word' id='word_1_18' title='bbox 1197 609 1306 688; x_wconf 65' lang='lat' dir='ltr'>oyem</span> <span class='ocrx_word' id='word_1_19' title='bbox 1326 607 1379 672; x_wconf 76' lang='grc' dir='ltr'><em>καὶ</em></span> 
     </span>
     <span class='ocr_line' id='line_1_4' title="bbox 185 706 1380 797; baseline 0.003 -22"><span class='ocrx_word' id='word_1_20' title='bbox 185 711 397 792; x_wconf 69' lang='grc' dir='ltr'><em>παραγγελία</em></span> <span class='ocrx_word' id='word_1_21' title='bbox 419 711 530 791; x_wconf 91' lang='grc' dir='ltr'><em>γέγονε</em></span> <span class='ocrx_word' id='word_1_22' title='bbox 557 710 680 797; x_wconf 86' lang='grc' dir='ltr'><em>(σχεδὸν</em></span> <span class='ocrx_word' id='word_1_23' title='bbox 703 706 789 790; x_wconf 87' lang='grc' dir='ltr'><em>οίμαι</em></span> <span class='ocrx_word' id='word_1_24' title='bbox 815 711 939 786; x_wconf 84' lang='grc' dir='ltr'><em>πιόντας</em></span> <span class='ocrx_word' id='word_1_25' title='bbox 966 715 1047 791; x_wconf 79' lang='grc' dir='ltr'><em>ὑμεῖς</em></span> <span class='ocrx_word' id='word_1_26' title='bbox 1073 714 1234 797; x_wconf 73' lang='grc' dir='ltr'><em>ρίσίῆσόοιι,</em></span> <span class='ocrx_word' id='word_1_27' title='bbox 1260 712 1380 796; x_wconf 79' lang='grc' dir='ltr'><em>ἑορακό-</em></span> 
     </span>
     <span class='ocr_line' id='line_1_5' title="bbox 185 813 1380 906; baseline 0.002 -25"><span class='ocrx_word' id='word_1_28' title='bbox 185 841 243 888; x_wconf 89' lang='grc' dir='ltr'><em>τας</em></span> <span class='ocrx_word' id='word_1_29' title='bbox 278 815 348 898; x_wconf 76' lang='grc' dir='ltr'><em>ἄρτι</em></span> <span class='ocrx_word' id='word_1_30' title='bbox 379 817 450 890; x_wconf 84' lang='grc' dir='ltr'><em>τοὺς</em></span> <span class='ocrx_word' id='word_1_31' title='bbox 477 813 521 883; x_wconf 88' lang='grc' dir='ltr'><em>ότ’</em></span> <span class='ocrx_word' id='word_1_32' title='bbox 547 819 724 896; x_wconf 83' lang='grc' dir='ltr'><em>ίιιληροῦσόε</em></span> <span class='ocrx_word' id='word_1_33' title='bbox 749 821 955 902; x_wconf 75' lang='grc' dir='ltr'><em>ἐνοχλοῦντας</em></span> <span class='ocrx_word' id='word_1_34' title='bbox 980 819 1032 884; x_wconf 83' lang='grc' dir='ltr'><em>καὶ</em></span> <span class='ocrx_word' id='word_1_35' title='bbox 1058 820 1235 900; x_wconf 76' lang='grc' dir='ltr'><em>προσιόντας</em></span> <span class='ocrx_word' id='word_1_36' title='bbox 1262 817 1380 906; x_wconf 82' lang='grc' dir='ltr'><em>ιῖμῖν).”</em></span> 
     </span>
     <span class='ocr_line' id='line_1_6' title="bbox 185 921 1380 1010; baseline 0.001 -22"><span class='ocrx_word' id='word_1_37' title='bbox 185 923 237 988; x_wconf 75' lang='lat' dir='ltr'>mi</span> <span class='ocrx_word' id='word_1_38' title='bbox 261 923 414 1006; x_wconf 73' lang='grc' dir='ltr'><em>Αἰσχίνης</em></span> <span class='ocrx_word' id='word_1_39' title='bbox 436 921 596 1005; x_wconf 80' lang='grc' dir='ltr'><em>δὲτρόπον</em></span> <span class='ocrx_word' id='word_1_40' title='bbox 616 924 687 990; x_wconf 76' lang='grc' dir='ltr'><em>τινὰ</em></span> <span class='ocrx_word' id='word_1_41' title='bbox 707 933 746 1008; x_wconf 69' lang='grc' dir='ltr'><em>τῇ</em></span> <span class='ocrx_word' id='word_1_42' title='bbox 766 929 848 1008; x_wconf 70' lang='grc' dir='ltr'><em>αὐτῇ</em></span> <span class='ocrx_word' id='word_1_43' title='bbox 869 923 985 1010; x_wconf 85' lang='grc' dir='ltr'><em>διανοίρι</em></span> <span class='ocrx_word' id='word_1_44' title='bbox 1005 925 1159 1007; x_wconf 74' lang='grc' dir='ltr'><em>ἐχρήσατο</em></span> <span class='ocrx_word' id='word_1_45' title='bbox 1180 927 1210 990; x_wconf 89' lang='grc' dir='ltr'><em>έν</em></span> <span class='ocrx_word' id='word_1_46' title='bbox 1231 927 1272 1006; x_wconf 75' lang='grc' dir='ltr'><em>τῷ</em></span> <span class='ocrx_word' id='word_1_47' title='bbox 1294 924 1380 990; x_wconf 83' lang='grc' dir='ltr'><em>κατόι</em></span> 
     </span>
     <span class='ocr_line' id='line_1_7' title="bbox 185 1027 1379 1114; baseline -0.001 -18"><span class='ocrx_word' id='word_1_48' title='bbox 185 1036 419 1113; x_wconf 78' lang='grc' dir='ltr'><em>Κτησιφῶντος·</em></span> <span class='ocrx_word' id='word_1_49' title='bbox 455 1033 535 1109; x_wconf 70' lang='lat' dir='ltr'>„rio</span> <span class='ocrx_word' id='word_1_50' title='bbox 565 1030 622 1109; x_wconf 71' lang='grc' dir='ltr'><em>μὲν</em></span> <span class='ocrx_word' id='word_1_51' title='bbox 652 1035 849 1112; x_wconf 67' lang='grc' dir='ltr'><em>παρασκευὴν</em></span> <span class='ocrx_word' id='word_1_52' title='bbox 879 1032 988 1114; x_wconf 79' lang='grc' dir='ltr'><em>όρῖιτε,</em></span> <span class='ocrx_word' id='word_1_53' title='bbox 1020 1027 1042 1095; x_wconf 78' lang='grc' dir='ltr'><strong><em>ὦ</em></strong></span> <span class='ocrx_word' id='word_1_54' title='bbox 1073 1029 1177 1113; x_wconf 74' lang='grc' dir='ltr'><em>ἄνδρες</em></span> <span class='ocrx_word' id='word_1_55' title='bbox 1210 1031 1379 1111; x_wconf 87' lang='grc' dir='ltr'><em>Ἀόηναῖοι,</em></span> 
     </span>
     <span class='ocr_line' id='line_1_8' title="bbox 186 1133 1378 1225; baseline 0.001 -23"><span class='ocrx_word' id='word_1_56' title='bbox 186 1137 238 1202; x_wconf 77' lang='grc' dir='ltr'><em>καὶ</em></span> <span class='ocrx_word' id='word_1_57' title='bbox 270 1139 326 1213; x_wconf 78' lang='grc' dir='ltr'><em>την</em></span> <span class='ocrx_word' id='word_1_58' title='bbox 356 1134 533 1217; x_wconf 72' lang='grc' dir='ltr'><em>παράταξιν</em></span> <span class='ocrx_word' id='word_1_59' title='bbox 564 1133 618 1212; x_wconf 85' lang='grc' dir='ltr'><em>όση</em></span> <span class='ocrx_word' id='word_1_60' title='bbox 649 1137 834 1225; x_wconf 82' lang='grc' dir='ltr'><em>γεγένηται,</em></span> <span class='ocrx_word' id='word_1_61' title='bbox 870 1138 922 1204; x_wconf 86' lang='grc' dir='ltr'><em>καῖ</em></span> <span class='ocrx_word' id='word_1_62' title='bbox 956 1136 1015 1212; x_wconf 73' lang='grc' dir='ltr'><em>τοῖς</em></span> <span class='ocrx_word' id='word_1_63' title='bbox 1051 1137 1137 1204; x_wconf 76' lang='grc' dir='ltr'><em>κατα</em></span> <span class='ocrx_word' id='word_1_64' title='bbox 1172 1140 1227 1214; x_wconf 77' lang='grc' dir='ltr'><em>την</em></span> <span class='ocrx_word' id='word_1_65' title='bbox 1259 1137 1378 1218; x_wconf 80' lang='grc' dir='ltr'><em>οὶγορόιν</em></span> 
     </span>
     <span class='ocr_line' id='line_1_9' title="bbox 188 1238 1378 1327; baseline 0.001 -18"><span class='ocrx_word' id='word_1_66' title='bbox 188 1241 304 1320; x_wconf 74' lang='grc' dir='ltr'><em>δεήσεις</em></span> <span class='ocrx_word' id='word_1_67' title='bbox 337 1238 387 1316; x_wconf 86' lang='grc' dir='ltr'><em>αίς</em></span> <span class='ocrx_word' id='word_1_68' title='bbox 413 1242 584 1324; x_wconf 85' lang='grc' dir='ltr'><em>κέχρηνταί</em></span> <span class='ocrx_word' id='word_1_69' title='bbox 605 1243 717 1318; x_wconf 88' lang='grc' dir='ltr'><em>τινες.”</em></span> <span class='ocrx_word' id='word_1_70' title='bbox 763 1246 934 1327; x_wconf 81' lang='grc' dir='ltr'><em>Δείναρχος</em></span> <span class='ocrx_word' id='word_1_71' title='bbox 959 1245 990 1310; x_wconf 84' lang='grc' dir='ltr'><em>έν</em></span> <span class='ocrx_word' id='word_1_72' title='bbox 1012 1254 1051 1327; x_wconf 70' lang='grc' dir='ltr'><em>τῇ</em></span> <span class='ocrx_word' id='word_1_73' title='bbox 1076 1243 1162 1310; x_wconf 79' lang='grc' dir='ltr'><em>κατόν</em></span> <span class='ocrx_word' id='word_1_74' title='bbox 1185 1244 1378 1311; x_wconf 76' lang='grc' dir='ltr'><em>Πολυεύκτου</em></span> 
     </span>
     <span class='ocr_line' id='line_1_10' title="bbox 187 1349 1381 1433; baseline 0.002 -19"><span class='ocrx_word' id='word_1_75' title='bbox 187 1349 349 1432; x_wconf 77' lang='grc' dir='ltr'><em>οῖποφιίσει</em></span> <span class='ocrx_word' id='word_1_76' title='bbox 368 1350 445 1429; x_wconf 84' lang='grc' dir='ltr'><em>,,κα1</em></span> <span class='ocrx_word' id='word_1_77' title='bbox 462 1349 522 1424; x_wconf 70' lang='grc' dir='ltr'><em>τοῖς</em></span> <span class='ocrx_word' id='word_1_78' title='bbox 539 1349 601 1433; x_wconf 65' lang='lat' dir='ltr'>tots</span> <span class='ocrx_word' id='word_1_79' title='bbox 620 1353 845 1432; x_wconf 75' lang='grc' dir='ltr'><em>παραγγελίας</em></span> <span class='ocrx_word' id='word_1_80' title='bbox 864 1351 1078 1431; x_wconf 74' lang='grc' dir='ltr'><em>γεγενημένας</em></span> <span class='ocrx_word' id='word_1_81' title='bbox 1096 1349 1148 1416; x_wconf 83' lang='grc' dir='ltr'><em>καῖ</em></span> <span class='ocrx_word' id='word_1_82' title='bbox 1161 1350 1220 1424; x_wconf 79' lang='grc' dir='ltr'><em>τοῖς</em></span> <span class='ocrx_word' id='word_1_83' title='bbox 1234 1349 1381 1427; x_wconf 55' lang='lat' dir='ltr'>isiacis?</span> 
     </span>
     <span class='ocr_line' id='line_1_11' title="bbox 185 1453 1379 1545; baseline 0.001 -24"><span class='ocrx_word' id='word_1_84' title='bbox 185 1453 416 1522; x_wconf 79' lang='lat' dir='ltr'>Demosthenes</span> <span class='ocrx_word' id='word_1_85' title='bbox 441 1477 515 1545; x_wconf 85' lang='lat' dir='ltr'>pog.</span> <span class='ocrx_word' id='word_1_86' title='bbox 539 1454 614 1522; x_wconf 81' lang='grc'><strong>432.</strong></span> <span class='ocrx_word' id='word_1_87' title='bbox 644 1456 696 1522; x_wconf 96' lang='grc'><em>11.</em></span> <span class='ocrx_word' id='word_1_88' title='bbox 722 1455 804 1523; x_wconf 85' lang='grc' dir='ltr'><em>οὐδέν</em></span> <span class='ocrx_word' id='word_1_89' title='bbox 828 1459 890 1526; x_wconf 80' lang='grc' dir='ltr'><em>έςιν</em></span> <span class='ocrx_word' id='word_1_90' title='bbox 914 1457 1026 1538; x_wconf 83' lang='grc' dir='ltr'><em>όφελος</em></span> <span class='ocrx_word' id='word_1_91' title='bbox 1044 1496 1086 1506; x_wconf 93' lang='grc'>-</span> <span class='ocrx_word' id='word_1_92' title='bbox 1104 1455 1282 1536; x_wconf 85' lang='grc' dir='ltr'><em>πολιτείας,</em></span> <span class='ocrx_word' id='word_1_93' title='bbox 1309 1454 1379 1540; x_wconf 64' lang='lat' dir='ltr'>ivri</span> 
     </span>
     <span class='ocr_line' id='line_1_12' title="bbox 185 1560 1194 1645; baseline 0.004 -19"><span class='ocrx_word' id='word_1_94' title='bbox 185 1564 356 1642; x_wconf 78' lang='grc' dir='ltr'><em>συγγνώμη</em></span> <span class='ocrx_word' id='word_1_95' title='bbox 380 1560 433 1628; x_wconf 77' lang='grc' dir='ltr'><em>καὶ</em></span> <span class='ocrx_word' id='word_1_96' title='bbox 458 1563 667 1643; x_wconf 86' lang='grc' dir='ltr'><em>παραγγελία</em></span> <span class='ocrx_word' id='word_1_97' title='bbox 691 1571 750 1628; x_wconf 79' lang='grc' dir='ltr'><em>τῶν</em></span> <span class='ocrx_word' id='word_1_98' title='bbox 775 1565 871 1641; x_wconf 83' lang='grc' dir='ltr'><em>νόμων</em></span> <span class='ocrx_word' id='word_1_99' title='bbox 896 1560 1000 1645; x_wconf 87' lang='grc' dir='ltr'><em>μεῖζον</em></span> <span class='ocrx_word' id='word_1_100' title='bbox 1024 1563 1194 1645; x_wconf 75' lang='grc' dir='ltr'><em>ἰσχύουσιν.</em></span> 
     </span>
    </p>

    <p class='ocr_par' dir='ltr' id='par_1_3' title="bbox 184 1666 1377 1961">
     <span class='ocr_line' id='line_1_13' title="bbox 229 1666 1377 1756; baseline 0 -22"><span class='ocrx_word' id='word_1_101' title='bbox 229 1667 351 1734; x_wconf 80' lang='lat' dir='ltr'>Eodem</span> <span class='ocrx_word' id='word_1_102' title='bbox 375 1666 469 1733; x_wconf 88' lang='lat' dir='ltr'>modo</span> <span class='ocrx_word' id='word_1_103' title='bbox 489 1668 626 1747; x_wconf 76' lang='grc' dir='ltr'><em>ἐνοχλεῖν</em></span> <span class='ocrx_word' id='word_1_104' title='bbox 646 1671 801 1754; x_wconf 77' lang='grc' dir='ltr'><em>(ρπσσίόιιε</em></span> <span class='ocrx_word' id='word_1_105' title='bbox 810 1670 967 1756; x_wconf 67' lang='lat' dir='ltr'>fatigare)</span> <span class='ocrx_word' id='word_1_106' title='bbox 991 1675 1023 1736; x_wconf 90' lang='lat' dir='ltr'><em>et</em></span> <span class='ocrx_word' id='word_1_107' title='bbox 1046 1669 1284 1751; x_wconf 81' lang='grc' dir='ltr'><em>παραγγέλλειν</em></span> <span class='ocrx_word' id='word_1_108' title='bbox 1306 1689 1377 1735; x_wconf 88' lang='lat' dir='ltr'>oon-</span> 
     </span>
     <span class='ocr_line' id='line_1_14' title="bbox 184 1771 1376 1862; baseline -0.001 -21"><span class='ocrx_word' id='word_1_109' title='bbox 184 1777 295 1841; x_wconf 81' lang='lat' dir='ltr'>iunete</span> <span class='ocrx_word' id='word_1_110' title='bbox 325 1777 400 1838; x_wconf 87' lang='lat' dir='ltr'>sunt</span> <span class='ocrx_word' id='word_1_111' title='bbox 429 1794 503 1862; x_wconf 78' lang='lat' dir='ltr'>pag.</span> <span class='ocrx_word' id='word_1_112' title='bbox 537 1772 636 1840; x_wconf 83' lang='lat'>1461.</span> <span class='ocrx_word' id='word_1_113' title='bbox 661 1772 692 1840; x_wconf 82' lang='lat'>3.</span> <span class='ocrx_word' id='word_1_114' title='bbox 725 1777 750 1841; x_wconf 81' lang='grc' dir='ltr'><em>οῖ</em></span> <span class='ocrx_word' id='word_1_115' title='bbox 777 1775 886 1856; x_wconf 70' lang='grc' dir='ltr'><em>κλητοὶ</em></span> <span class='ocrx_word' id='word_1_116' title='bbox 910 1776 969 1853; x_wconf 77' lang='grc' dir='ltr'><em>μὲν</em></span> <span class='ocrx_word' id='word_1_117' title='bbox 989 1778 1093 1854; x_wconf 78' lang='grc' dir='ltr'><em>-μη</em></span> <span class='ocrx_word' id='word_1_118' title='bbox 1118 1776 1199 1843; x_wconf 84' lang='grc' dir='ltr'><em>ποίνυ</em></span> <span class='ocrx_word' id='word_1_119' title='bbox 1223 1777 1250 1841; x_wconf 83' lang='grc' dir='ltr'><em>δ’</em></span> <span class='ocrx_word' id='word_1_120' title='bbox 1273 1771 1327 1842; x_wconf 83' lang='grc' dir='ltr'><em>οίοί</em></span> <span class='ocrx_word' id='word_1_121' title='bbox 1348 1788 1376 1840; x_wconf 87' lang='grc' dir='ltr'><em>τ’</em></span> 
     </span>
     <span class='ocr_line' id='line_1_15' title="bbox 185 1879 677 1961; baseline 0 -16"><span class='ocrx_word' id='word_1_122' title='bbox 185 1880 325 1960; x_wconf 79' lang='grc' dir='ltr'><em>ἐνοχλεῖν</em></span> <span class='ocrx_word' id='word_1_123' title='bbox 348 1879 401 1945; x_wconf 78' lang='grc' dir='ltr'><em>ιιαῖ</em></span> <span class='ocrx_word' id='word_1_124' title='bbox 425 1879 677 1961; x_wconf 76' lang='grc' dir='ltr'><em>παραγγέλλειν.</em></span> 
     </span>
    </p>

    <p class='ocr_par' dir='ltr' id='par_1_4' title="bbox 183 1983 1376 2289">
     <span class='ocr_line' id='line_1_16' title="bbox 229 1983 1376 2074; baseline -0.003 -21"><span class='ocrx_word' id='word_1_125' title='bbox 229 1986 354 2053; x_wconf 79' lang='lat' dir='ltr'><strong>Vitiosa</strong></span> <span class='ocrx_word' id='word_1_126' title='bbox 385 1983 480 2052; x_wconf 87' lang='lat' dir='ltr'>lsetio</span> <span class='ocrx_word' id='word_1_127' title='bbox 505 1989 735 2067; x_wconf 78' lang='grc' dir='ltr'><em>περιήγγελνεν</em></span> <span class='ocrx_word' id='word_1_128' title='bbox 763 1991 889 2074; x_wconf 80' lang='lat' dir='ltr'>recepte</span> <span class='ocrx_word' id='word_1_129' title='bbox 911 1993 959 2055; x_wconf 91' lang='lat' dir='ltr'><em>est</em></span> <span class='ocrx_word' id='word_1_130' title='bbox 982 1987 1021 2054; x_wconf 91' lang='lat' dir='ltr'><em>ob</em></span> <span class='ocrx_word' id='word_1_131' title='bbox 1045 1989 1182 2053; x_wconf 82' lang='lat' dir='ltr'><strong>nimiam</strong></span> <span class='ocrx_word' id='word_1_132' title='bbox 1205 1985 1330 2054; x_wconf 76' lang='lat' dir='ltr'>Codicis</span> <span class='ocrx_word' id='word_1_133' title='bbox 1353 1983 1376 2050; x_wconf 83' lang='lat' dir='ltr'>S</span> 
     </span>
     <span class='ocr_line' id='line_1_17' title="bbox 184 2091 1375 2178; baseline -0.004 -17"><span class='ocrx_word' id='word_1_134' title='bbox 184 2095 416 2168; x_wconf 77' lang='lat' dir='ltr'>reverentiam,</span> <span class='ocrx_word' id='word_1_135' title='bbox 449 2112 549 2178; x_wconf 89' lang='lat' dir='ltr'>quum</span> <span class='ocrx_word' id='word_1_136' title='bbox 582 2114 621 2159; x_wconf 88' lang='lat' dir='ltr'><em>ex</em></span> <span class='ocrx_word' id='word_1_137' title='bbox 645 2091 717 2160; x_wconf 82' lang='lat' dir='ltr'>eliis</span> <span class='ocrx_word' id='word_1_138' title='bbox 739 2092 830 2160; x_wconf 89' lang='lat' dir='ltr'>libris</span> <span class='ocrx_word' id='word_1_139' title='bbox 854 2093 932 2160; x_wconf 86' lang='lat' dir='ltr'>oiim</span> <span class='ocrx_word' id='word_1_140' title='bbox 953 2095 1130 2160; x_wconf 72' lang='lat' dir='ltr'>rectissime</span> <span class='ocrx_word' id='word_1_141' title='bbox 1153 2093 1375 2174; x_wconf 73' lang='grc' dir='ltr'><em>παρήγγελκεν</em></span> 
     </span>
     <span class='ocr_line' id='line_1_18' title="bbox 183 2199 354 2289; baseline -0.012 -22"><span class='ocrx_word' id='word_1_142' title='bbox 183 2199 354 2289; x_wconf 88' lang='lat' dir='ltr'>legeretur.</span> 
     </span>
    </p>
   </div>
   <div class='ocr_carea' id='block_1_3' title="bbox 183 2406 1375 3020">
    <p class='ocr_par' dir='ltr' id='par_1_5' title="bbox 183 2406 1375 3020">
     <span class='ocr_line' id='line_1_19' title="bbox 229 2406 1373 2499; baseline -0.002 -23"><span class='ocrx_word' id='word_1_143' title='bbox 229 2409 309 2499; x_wconf 81' lang='lat' dir='ltr'>Peg.</span> <span class='ocrx_word' id='word_1_144' title='bbox 343 2407 420 2476; x_wconf 90' lang='grc'><strong>516.</strong></span> <span class='ocrx_word' id='word_1_145' title='bbox 454 2407 506 2474; x_wconf 84' lang='grc'><strong>14.</strong></span> <span class='ocrx_word' id='word_1_146' title='bbox 536 2408 589 2474; x_wconf 75' lang='grc' dir='ltr'><em>ἐὰν</em></span> <span class='ocrx_word' id='word_1_147' title='bbox 612 2408 751 2486; x_wconf 77' lang='grc' dir='ltr'><em>έπιδείξοι</em></span> <span class='ocrx_word' id='word_1_148' title='bbox 775 2408 908 2475; x_wconf 79' lang='grc' dir='ltr'><em>Μειδίαν</em></span> <span class='ocrx_word' id='word_1_149' title='bbox 930 2406 1046 2474; x_wconf 72' lang='grc' dir='ltr'><em>τουτονὶ</em></span> <span class='ocrx_word' id='word_1_150' title='bbox 1070 2410 1114 2488; x_wconf 77' lang='grc' dir='ltr'><em>μη</em></span> <span class='ocrx_word' id='word_1_151' title='bbox 1138 2406 1227 2486; x_wconf 88' lang='grc' dir='ltr'><em>μόνον</em></span> <span class='ocrx_word' id='word_1_152' title='bbox 1249 2408 1292 2481; x_wconf 83' lang='grc' dir='ltr'><em>είς</em></span> <span class='ocrx_word' id='word_1_153' title='bbox 1318 2407 1373 2487; x_wconf 78' lang='grc' dir='ltr'><em>ἐμὲ</em></span> 
     </span>
     <span class='ocr_line' id='line_1_20' title="bbox 184 2511 1371 2601; baseline -0.006 -16"><span class='ocrx_word' id='word_1_154' title='bbox 184 2519 274 2584; x_wconf 73' lang='grc' dir='ltr'><em>ἄλλα</em></span> <span class='ocrx_word' id='word_1_155' title='bbox 304 2516 357 2582; x_wconf 75' lang='grc' dir='ltr'><em>καὶ</em></span> <span class='ocrx_word' id='word_1_156' title='bbox 390 2517 433 2589; x_wconf 85' lang='grc' dir='ltr'><em>εῖς</em></span> <span class='ocrx_word' id='word_1_157' title='bbox 463 2517 546 2594; x_wconf 77' lang='grc' dir='ltr'><em>ὑμεῖς</em></span> <span class='ocrx_word' id='word_1_158' title='bbox 578 2516 645 2600; x_wconf 83' lang='grc' dir='ltr'><em>[καί</em></span> <span class='ocrx_word' id='word_1_159' title='bbox 676 2519 719 2590; x_wconf 86' lang='grc' dir='ltr'><em>εῖς</em></span> <span class='ocrx_word' id='word_1_160' title='bbox 751 2515 821 2592; x_wconf 84' lang='grc' dir='ltr'><em>τοὺς</em></span> <span class='ocrx_word' id='word_1_161' title='bbox 855 2514 962 2594; x_wconf 89' lang='grc' dir='ltr'><em>νόμους</em></span> <span class='ocrx_word' id='word_1_162' title='bbox 993 2517 1045 2581; x_wconf 77' lang='grc' dir='ltr'><em>καὶ</em></span> <span class='ocrx_word' id='word_1_163' title='bbox 1078 2517 1120 2588; x_wconf 82' lang='grc' dir='ltr'><em>είς</em></span> <span class='ocrx_word' id='word_1_164' title='bbox 1150 2515 1219 2588; x_wconf 84' lang='grc' dir='ltr'><em>τοὺς</em></span> <span class='ocrx_word' id='word_1_165' title='bbox 1244 2511 1371 2601; x_wconf 73' lang='grc' dir='ltr'><em>ἄλλους]</em></span> 
     </span>
     <span class='ocr_line' id='line_1_21' title="bbox 184 2619 1373 2709; baseline -0.003 -19"><span class='ocrx_word' id='word_1_166' title='bbox 184 2621 332 2696; x_wconf 74' lang='grc' dir='ltr'><em>ἅπαντας</em></span> <span class='ocrx_word' id='word_1_167' title='bbox 354 2621 514 2704; x_wconf 74' lang='grc' dir='ltr'><em>ὑβρικότα.</em></span> <span class='ocrx_word' id='word_1_168' title='bbox 548 2621 713 2689; x_wconf 83' lang='lat' dir='ltr'>Meleseno</span> <span class='ocrx_word' id='word_1_169' title='bbox 731 2623 810 2688; x_wconf 79' lang='lat' dir='ltr'>hoec</span> <span class='ocrx_word' id='word_1_170' title='bbox 827 2624 957 2709; x_wconf 82' lang='lat' dir='ltr'>pertitio</span> <span class='ocrx_word' id='word_1_171' title='bbox 977 2628 1025 2688; x_wconf 88' lang='lat' dir='ltr'><em>est</em></span> <span class='ocrx_word' id='word_1_172' title='bbox 1044 2622 1144 2700; x_wconf 77' lang='grc' dir='ltr'><em>ὑμεῖς,</em></span> <span class='ocrx_word' id='word_1_173' title='bbox 1164 2621 1234 2694; x_wconf 81' lang='grc' dir='ltr'><em>τοὺς</em></span> <span class='ocrx_word' id='word_1_174' title='bbox 1252 2619 1373 2706; x_wconf 86' lang='grc' dir='ltr'><em>νόμους,</em></span> 
     </span>
     <span class='ocr_line' id='line_1_22' title="bbox 183 2726 1375 2815; baseline -0.003 -19"><span class='ocrx_word' id='word_1_175' title='bbox 183 2730 254 2802; x_wconf 84' lang='grc' dir='ltr'><em>τοὺς</em></span> <span class='ocrx_word' id='word_1_176' title='bbox 286 2728 411 2800; x_wconf 76' lang='grc' dir='ltr'><em>ἄλλους.</em></span> <span class='ocrx_word' id='word_1_177' title='bbox 458 2727 623 2815; x_wconf 70' lang='lat' dir='ltr'>expunxit</span> <span class='ocrx_word' id='word_1_178' title='bbox 653 2728 751 2796; x_wconf 82' lang='lat' dir='ltr'>verbe</span> <span class='ocrx_word' id='word_1_179' title='bbox 778 2731 886 2815; x_wconf 79' lang='lat' dir='ltr'>spuria</span> <span class='ocrx_word' id='word_1_180' title='bbox 915 2726 1095 2807; x_wconf 79' lang='lat' dir='ltr'>Dobraeus,</span> <span class='ocrx_word' id='word_1_181' title='bbox 1132 2745 1227 2813; x_wconf 90' lang='lat' dir='ltr'>quem</span> <span class='ocrx_word' id='word_1_182' title='bbox 1261 2747 1375 2814; x_wconf 86' lang='lat' dir='ltr'>sequor</span> 
     </span>
     <span class='ocr_line' id='line_1_23' title="bbox 184 2831 1374 2921; baseline -0.003 -19"><span class='ocrx_word' id='word_1_183' title='bbox 184 2837 247 2902; x_wconf 82' lang='lat' dir='ltr'>nisi</span> <span class='ocrx_word' id='word_1_184' title='bbox 273 2835 357 2921; x_wconf 87' lang='lat' dir='ltr'>quod</span> <span class='ocrx_word' id='word_1_185' title='bbox 380 2831 526 2907; x_wconf 72' lang='grc' dir='ltr'><em>ἅπαντας</em></span> <span class='ocrx_word' id='word_1_186' title='bbox 551 2855 675 2920; x_wconf 87' lang='lat' dir='ltr'>quoque</span> <span class='ocrx_word' id='word_1_187' title='bbox 698 2833 827 2901; x_wconf 84' lang='lat' dir='ltr'>delevit.</span> <span class='ocrx_word' id='word_1_188' title='bbox 874 2832 1032 2920; x_wconf 77' lang='lat' dir='ltr'>Equidem</span> <span class='ocrx_word' id='word_1_189' title='bbox 1055 2831 1161 2899; x_wconf 89' lang='lat' dir='ltr'>multo</span> <span class='ocrx_word' id='word_1_190' title='bbox 1184 2837 1287 2900; x_wconf 80' lang='lat' dir='ltr'>scrius</span> <span class='ocrx_word' id='word_1_191' title='bbox 1311 2833 1374 2900; x_wconf 83' lang='lat' dir='ltr'>diei</span> 
     </span>
     <span class='ocr_line' id='line_1_24' title="bbox 184 2935 1191 3020; baseline -0.004 -12"><span class='ocrx_word' id='word_1_192' title='bbox 184 2941 320 3008; x_wconf 79' lang='lat' dir='ltr'>arbitror</span> <span class='ocrx_word' id='word_1_193' title='bbox 341 2940 386 3020; x_wconf 76' lang='grc' dir='ltr'><em>μη</em></span> <span class='ocrx_word' id='word_1_194' title='bbox 409 2939 499 3019; x_wconf 88' lang='grc' dir='ltr'><em>μόνον</em></span> <span class='ocrx_word' id='word_1_195' title='bbox 522 2941 565 3016; x_wconf 84' lang='grc' dir='ltr'><em>είς</em></span> <span class='ocrx_word' id='word_1_196' title='bbox 589 2941 644 3020; x_wconf 70' lang='grc' dir='ltr'><em>ἐμὲ</em></span> <span class='ocrx_word' id='word_1_197' title='bbox 667 2940 757 3006; x_wconf 72' lang='lat' dir='ltr'>cisse</span> <span class='ocrx_word' id='word_1_198' title='bbox 781 2940 833 3006; x_wconf 75' lang='grc' dir='ltr'><em>καὶ</em></span> <span class='ocrx_word' id='word_1_199' title='bbox 857 2941 900 3014; x_wconf 75' lang='grc' dir='ltr'><em>εἷς</em></span> <span class='ocrx_word' id='word_1_200' title='bbox 925 2939 1009 3018; x_wconf 82' lang='grc' dir='ltr'><em>ιῖμῖις</em></span> <span class='ocrx_word' id='word_1_201' title='bbox 1034 2935 1191 3014; x_wconf 73' lang='grc' dir='ltr'><em>ἅπαντας.</em></span> 
     </span>
    </p>
   </div>
   <div class='ocr_carea' id='block_1_4' title="bbox 181 3147 1385 4298">
    <p class='ocr_par' dir='ltr' id='par_1_6' title="bbox 185 3147 1369 3339">
     <span class='ocr_line' id='line_1_25' title="bbox 228 3147 1369 3240; baseline 0 -22"><span class='ocrx_word' id='word_1_202' title='bbox 228 3152 308 3240; x_wconf 79' lang='lat' dir='ltr'>Peg.</span> <span class='ocrx_word' id='word_1_203' title='bbox 342 3148 418 3217; x_wconf 88' lang='grc'><strong>516.</strong></span> <span class='ocrx_word' id='word_1_204' title='bbox 450 3147 505 3219; x_wconf 81' lang='grc'><em>27.</em></span> <span class='ocrx_word' id='word_1_205' title='bbox 539 3150 753 3229; x_wconf 75' lang='grc' dir='ltr'><em>όναγνιίσεται</em></span> <span class='ocrx_word' id='word_1_206' title='bbox 788 3149 819 3215; x_wconf 77' lang='grc' dir='ltr'><em>δέ</em></span> <span class='ocrx_word' id='word_1_207' title='bbox 849 3157 964 3231; x_wconf 78' lang='grc' dir='ltr'><em>πρῶτον</em></span> <span class='ocrx_word' id='word_1_208' title='bbox 994 3151 1051 3229; x_wconf 78' lang='grc' dir='ltr'><em>μέν</em></span> <span class='ocrx_word' id='word_1_209' title='bbox 1084 3151 1155 3230; x_wconf 85' lang='grc' dir='ltr'><em>ὑμῖν</em></span> <span class='ocrx_word' id='word_1_210' title='bbox 1185 3151 1238 3216; x_wconf 83' lang='grc' dir='ltr'><em>τόν</em></span> <span class='ocrx_word' id='word_1_211' title='bbox 1265 3151 1369 3230; x_wconf 87' lang='grc' dir='ltr'><em>νόμον,</em></span> 
     </span>
     <span class='ocr_line' id='line_1_26' title="bbox 185 3250 1004 3339; baseline -0.005 -15"><span class='ocrx_word' id='word_1_212' title='bbox 185 3258 252 3324; x_wconf 78' lang='grc' dir='ltr'><em>καθ’</em></span> <span class='ocrx_word' id='word_1_213' title='bbox 274 3250 306 3324; x_wconf 79' lang='grc' dir='ltr'><em>όν</em></span> <span class='ocrx_word' id='word_1_214' title='bbox 329 3257 404 3324; x_wconf 78' lang='grc' dir='ltr'><em>είσὶν</em></span> <span class='ocrx_word' id='word_1_215' title='bbox 431 3259 465 3323; x_wconf 87' lang='grc' dir='ltr'><em>αῖ</em></span> <span class='ocrx_word' id='word_1_216' title='bbox 488 3257 650 3339; x_wconf 82' lang='grc' dir='ltr'><em>προβολαί.</em></span> <span class='ocrx_word' id='word_1_217' title='bbox 672 3295 713 3306; x_wconf 88' lang='grc'>-</span> <span class='ocrx_word' id='word_1_218' title='bbox 733 3254 810 3335; x_wconf 89' lang='grc' dir='ltr'><em>λε’γε</em></span> <span class='ocrx_word' id='word_1_219' title='bbox 833 3255 884 3321; x_wconf 80' lang='grc' dir='ltr'><em>τόν</em></span> <span class='ocrx_word' id='word_1_220' title='bbox 907 3254 1004 3334; x_wconf 86' lang='grc' dir='ltr'><em>νόμον.</em></span> 
     </span>
    </p>

    <p class='ocr_par' dir='ltr' id='par_1_7' title="bbox 641 3379 917 3430">
     <span class='ocr_line' id='line_1_27' title="bbox 641 3379 917 3430; baseline -0.004 -2"><span class='ocrx_word' id='word_1_221' title='bbox 641 3380 820 3430; x_wconf 76' lang='lat' dir='ltr'>molnsrnn</span> <span class='ocrx_word' id='word_1_222' title='bbox 843 3379 917 3428; x_wconf 84' lang='lat' dir='ltr'>nsx.</span> 
     </span>
    </p>

    <p class='ocr_par' dir='ltr' id='par_1_8' title="bbox 181 3463 1385 4298">
     <span class='ocr_line' id='line_1_28' title="bbox 228 3463 1370 3557; baseline 0 -23"><span class='ocrx_word' id='word_1_223' title='bbox 228 3465 313 3534; x_wconf 80' lang='lat' dir='ltr'><em>&#39;Pum</em></span> <span class='ocrx_word' id='word_1_224' title='bbox 344 3467 573 3536; x_wconf 82' lang='lat' dir='ltr'>Demosthenes</span> <span class='ocrx_word' id='word_1_225' title='bbox 602 3490 676 3557; x_wconf 83' lang='lat' dir='ltr'>pag.</span> <span class='ocrx_word' id='word_1_226' title='bbox 709 3465 785 3546; x_wconf 83' lang='lat'>517,</span> <span class='ocrx_word' id='word_1_227' title='bbox 816 3466 849 3534; x_wconf 88' lang='lat'><em>8.</em></span> <span class='ocrx_word' id='word_1_228' title='bbox 885 3469 898 3533; x_wconf 85' lang='lat' dir='ltr'>i</span> <span class='ocrx_word' id='word_1_229' title='bbox 929 3467 986 3545; x_wconf 74' lang='grc' dir='ltr'><em>μὲν</em></span> <span class='ocrx_word' id='word_1_230' title='bbox 1018 3467 1106 3546; x_wconf 87' lang='grc' dir='ltr'><em>νόμος</em></span> <span class='ocrx_word' id='word_1_231' title='bbox 1135 3463 1221 3539; x_wconf 79' lang='grc' dir='ltr'><em>οὗτός</em></span> <span class='ocrx_word' id='word_1_232' title='bbox 1245 3465 1370 3546; x_wconf 75' lang='grc' dir='ltr'><em>έςιν,ὦ</em></span> 
     </span>
     <span class='ocr_line' id='line_1_29' title="bbox 183 3571 1369 3664; baseline 0.001 -26"><span class='ocrx_word' id='word_1_233' title='bbox 183 3571 287 3657; x_wconf 73' lang='grc' dir='ltr'><em>ἄνδρες</em></span> <span class='ocrx_word' id='word_1_234' title='bbox 319 3575 489 3651; x_wconf 78' lang='grc' dir='ltr'><em>Ἀθηναῖοι,</em></span> <span class='ocrx_word' id='word_1_235' title='bbox 517 3575 599 3664; x_wconf 75' lang='grc' dir='ltr'><em>[καθ’</em></span> <span class='ocrx_word' id='word_1_236' title='bbox 623 3572 655 3640; x_wconf 74' lang='grc' dir='ltr'><em>ὃν</em></span> <span class='ocrx_word' id='word_1_237' title='bbox 680 3576 712 3640; x_wconf 89' lang='grc' dir='ltr'><em>αί</em></span> <span class='ocrx_word' id='word_1_238' title='bbox 736 3573 889 3655; x_wconf 77' lang='grc' dir='ltr'><em>προβολαὶ</em></span> <span class='ocrx_word' id='word_1_239' title='bbox 913 3573 1104 3660; x_wconf 86' lang='grc' dir='ltr'><em>γίγνονται,]</em></span> <span class='ocrx_word' id='word_1_240' title='bbox 1129 3573 1245 3652; x_wconf 82' lang='grc' dir='ltr'><em>λέγων,</em></span> <span class='ocrx_word' id='word_1_241' title='bbox 1270 3571 1369 3656; x_wconf 74' lang='grc' dir='ltr'><em>ὥσπερ</em></span> 
     </span>
     <span class='ocr_line' id='line_1_30' title="bbox 183 3678 1371 3769; baseline 0.001 -24"><span class='ocrx_word' id='word_1_242' title='bbox 183 3681 348 3759; x_wconf 71' lang='grc' dir='ltr'><em>ἠκούσατε,</em></span> <span class='ocrx_word' id='word_1_243' title='bbox 382 3682 445 3747; x_wconf 75' lang='lat' dir='ltr'>xri.</span> <span class='ocrx_word' id='word_1_244' title='bbox 506 3681 705 3766; x_wconf 77' lang='lat' dir='ltr'>Quicumque</span> <span class='ocrx_word' id='word_1_245' title='bbox 740 3679 800 3746; x_wconf 84' lang='lat' dir='ltr'><em>hoe</em></span> <span class='ocrx_word' id='word_1_246' title='bbox 833 3683 903 3769; x_wconf 79' lang='lat' dir='ltr'>agit</span> <span class='ocrx_word' id='word_1_247' title='bbox 936 3678 1029 3745; x_wconf 80' lang='lat' dir='ltr'>facile</span> <span class='ocrx_word' id='word_1_248' title='bbox 1063 3682 1196 3756; x_wconf 83' lang='lat' dir='ltr'>sentiet,</span> <span class='ocrx_word' id='word_1_249' title='bbox 1232 3685 1270 3744; x_wconf 90' lang='lat' dir='ltr'>ut</span> <span class='ocrx_word' id='word_1_250' title='bbox 1303 3683 1371 3767; x_wconf 90' lang='lat' dir='ltr'>opi·</span> 
     </span>
     <span class='ocr_line' id='line_1_31' title="bbox 181 3783 1370 3873; baseline 0.001 -22"><span class='ocrx_word' id='word_1_251' title='bbox 181 3783 257 3871; x_wconf 88' lang='lat' dir='ltr'>nor,</span> <span class='ocrx_word' id='word_1_252' title='bbox 285 3807 427 3873; x_wconf 87' lang='lat' dir='ltr'>pennum</span> <span class='ocrx_word' id='word_1_253' title='bbox 458 3787 544 3853; x_wconf 84' lang='lat' dir='ltr'>huno</span> <span class='ocrx_word' id='word_1_254' title='bbox 574 3789 707 3853; x_wconf 77' lang='lat' dir='ltr'>resecari</span> <span class='ocrx_word' id='word_1_255' title='bbox 731 3793 883 3872; x_wconf 84' lang='lat' dir='ltr'>oportere.</span> <span class='ocrx_word' id='word_1_256' title='bbox 930 3785 1023 3851; x_wconf 88' lang='lat' dir='ltr'>Nihil</span> <span class='ocrx_word' id='word_1_257' title='bbox 1046 3784 1120 3850; x_wconf 83' lang='lat' dir='ltr'>eddi</span> <span class='ocrx_word' id='word_1_258' title='bbox 1141 3789 1246 3870; x_wconf 86' lang='lat' dir='ltr'>potest</span> <span class='ocrx_word' id='word_1_259' title='bbox 1264 3787 1370 3852; x_wconf 82' lang='lat' dir='ltr'>verbis</span> 
     </span>
     <span class='ocr_line' id='line_1_32' title="bbox 183 3889 1385 3977; baseline 0.001 -23"><span class='ocrx_word' id='word_1_260' title='bbox 183 3891 197 3954; x_wconf 83' lang='lat' dir='ltr'>i</span> <span class='ocrx_word' id='word_1_261' title='bbox 228 3893 286 3970; x_wconf 78' lang='grc' dir='ltr'><em>μὲν</em></span> <span class='ocrx_word' id='word_1_262' title='bbox 316 3892 404 3970; x_wconf 83' lang='grc' dir='ltr'><em>νόμος</em></span> <span class='ocrx_word' id='word_1_263' title='bbox 435 3889 519 3966; x_wconf 77' lang='grc' dir='ltr'><em>οὗτός</em></span> <span class='ocrx_word' id='word_1_264' title='bbox 551 3894 597 3961; x_wconf 74' lang='grc' dir='ltr'><em>ἔτι</em></span> <span class='ocrx_word' id='word_1_265' title='bbox 629 3891 729 3969; x_wconf 82' lang='grc' dir='ltr'><em>λέγων</em></span> <span class='ocrx_word' id='word_1_266' title='bbox 759 3893 824 3955; x_wconf 77' lang='grc' dir='ltr'><em>ντί.</em></span> <span class='ocrx_word' id='word_1_267' title='bbox 872 3890 981 3956; x_wconf 76' lang='lat' dir='ltr'>Etiam</span> <span class='ocrx_word' id='word_1_268' title='bbox 1013 3909 1161 3975; x_wconf 85' lang='lat' dir='ltr'>perverse</span> <span class='ocrx_word' id='word_1_269' title='bbox 1183 3894 1385 3977; x_wconf 81' lang='lat' dir='ltr'>compositio.</span> 
     </span>
     <span class='ocr_line' id='line_1_33' title="bbox 181 3994 1370 4083; baseline 0 -21"><span class='ocrx_word' id='word_1_270' title='bbox 181 3997 331 4083; x_wconf 74' lang='lat' dir='ltr'>patefecit</span> <span class='ocrx_word' id='word_1_271' title='bbox 359 4000 489 4065; x_wconf 87' lang='lat' dir='ltr'>vitium.</span> <span class='ocrx_word' id='word_1_272' title='bbox 537 3997 573 4064; x_wconf 79' lang='lat' dir='ltr'>si</span> <span class='ocrx_word' id='word_1_273' title='bbox 603 3997 733 4064; x_wconf 74' lang='lat' dir='ltr'>dixisset</span> <span class='ocrx_word' id='word_1_274' title='bbox 765 3998 778 4062; x_wconf 92' lang='grc' dir='ltr'><em>ό</em></span> <span class='ocrx_word' id='word_1_275' title='bbox 803 3997 861 4075; x_wconf 71' lang='grc' dir='ltr'><em>μὲν</em></span> <span class='ocrx_word' id='word_1_276' title='bbox 883 3995 985 4075; x_wconf 86' lang='grc' dir='ltr'><em>νόμος,</em></span> <span class='ocrx_word' id='word_1_277' title='bbox 1013 3996 1082 4060; x_wconf 76' lang='grc' dir='ltr'><em>καθ’</em></span> <span class='ocrx_word' id='word_1_278' title='bbox 1107 3994 1138 4060; x_wconf 80' lang='grc' dir='ltr'><em>ὃν</em></span> <span class='ocrx_word' id='word_1_279' title='bbox 1160 3997 1194 4061; x_wconf 84' lang='grc' dir='ltr'><em>αῖ</em></span> <span class='ocrx_word' id='word_1_280' title='bbox 1218 3995 1370 4076; x_wconf 72' lang='grc' dir='ltr'><em>προβολαὶ</em></span> 
     </span>
     <span class='ocr_line' id='line_1_34' title="bbox 181 4100 1371 4191; baseline 0.002 -22"><span class='ocrx_word' id='word_1_281' title='bbox 181 4105 360 4183; x_wconf 89' lang='grc' dir='ltr'><em>γίγνονται,</em></span> <span class='ocrx_word' id='word_1_282' title='bbox 394 4100 479 4178; x_wconf 81' lang='grc' dir='ltr'><em>οὗτός</em></span> <span class='ocrx_word' id='word_1_283' title='bbox 509 4106 589 4183; x_wconf 78' lang='grc' dir='ltr'><em>έτιν,</em></span> <span class='ocrx_word' id='word_1_284' title='bbox 622 4109 704 4169; x_wconf 90' lang='lat' dir='ltr'>esset</span> <span class='ocrx_word' id='word_1_285' title='bbox 735 4102 853 4191; x_wconf 80' lang='lat' dir='ltr'>frigide</span> <span class='ocrx_word' id='word_1_286' title='bbox 883 4104 929 4169; x_wconf 92' lang='lat' dir='ltr'><em>rei</em></span> <span class='ocrx_word' id='word_1_287' title='bbox 954 4101 1080 4168; x_wconf 89' lang='lat' dir='ltr'>inutilis</span> <span class='ocrx_word' id='word_1_288' title='bbox 1103 4103 1259 4188; x_wconf 83' lang='lat' dir='ltr'>repetitio.</span> <span class='ocrx_word' id='word_1_289' title='bbox 1307 4101 1371 4172; x_wconf 88' lang='lat' dir='ltr'>Ubi</span> 
     </span>
     <span class='ocr_line' id='line_1_35' title="bbox 181 4209 661 4298; baseline -0.002 -23"><span class='ocrx_word' id='word_1_290' title='bbox 181 4230 266 4276; x_wconf 85' lang='lat' dir='ltr'>nune</span> <span class='ocrx_word' id='word_1_291' title='bbox 288 4209 410 4298; x_wconf 85' lang='lat' dir='ltr'>legitur</span> <span class='ocrx_word' id='word_1_292' title='bbox 431 4211 579 4296; x_wconf 86' lang='lat' dir='ltr'>ineptum</span> <span class='ocrx_word' id='word_1_293' title='bbox 603 4214 661 4275; x_wconf 87' lang='lat' dir='ltr'>est.</span> 
     </span>
    </p>
   </div>
   <div class='ocr_carea' id='block_1_5' title="bbox 228 4417 1372 4508">
    <p class='ocr_par' dir='ltr' id='par_1_9' title="bbox 228 4417 1372 4508">
     <span class='ocr_line' id='line_1_36' title="bbox 228 4417 1372 4508; baseline -0.002 -22"><span class='ocrx_word' id='word_1_294' title='bbox 228 4419 309 4508; x_wconf 79' lang='lat' dir='ltr'>Pag.</span> <span class='ocrx_word' id='word_1_295' title='bbox 334 4418 410 4486; x_wconf 87' lang='grc'><strong>518.</strong></span> <span class='ocrx_word' id='word_1_296' title='bbox 436 4417 489 4487; x_wconf 91' lang='grc'><strong>17.</strong></span> <span class='ocrx_word' id='word_1_297' title='bbox 516 4419 605 4500; x_wconf 80' lang='grc' dir='ltr'><em>ὑμεῖς</em></span> <span class='ocrx_word' id='word_1_298' title='bbox 628 4419 685 4500; x_wconf 81' lang='grc' dir='ltr'><em>μέν</em></span> <span class='ocrx_word' id='word_1_299' title='bbox 708 4420 865 4487; x_wconf 86' lang='grc' dir='ltr'><em>τοίνυν-</em></span> <span class='ocrx_word' id='word_1_300' title='bbox 883 4421 926 4492; x_wconf 85' lang='grc' dir='ltr'><em>είς</em></span> <span class='ocrx_word' id='word_1_301' title='bbox 948 4425 1090 4486; x_wconf 80' lang='grc' dir='ltr'><em>τοσοῦτον</em></span> <span class='ocrx_word' id='word_1_302' title='bbox 1112 4423 1235 4506; x_wconf 80' lang='grc' dir='ltr'><em>οῖφῖχρε</em></span> <span class='ocrx_word' id='word_1_303' title='bbox 1258 4423 1372 4502; x_wconf 85' lang='grc' dir='ltr'><em>φιλαν.</em></span> 
     </span>
    </p>
   </div>
   <div class='ocr_carea' id='block_1_6' title="bbox 0 0 1682 5084">
    <p class='ocr_par' dir='ltr' id='par_1_10' title="bbox 0 0 1682 5084">
     <span class='ocr_line' id='line_1_37' title="bbox 0 0 1682 5084; baseline 0 3"><span class='ocrx_word' id='word_1_304' title='bbox 0 0 1682 5084; x_wconf 95' lang='lat' dir='ltr'><em> </em></span> 
     </span>
    </p>
   </div>
  </div>
 </body>
</html>
