3356 5086
888 331 953 402 270

324 530 473 613 antiquas
502 529 658 592 rationem
692 533 724 592 et
753 546 868 610 usum,
898 525 926 588 si
957 521 1026 592 fieri
1055 527 1175 611 potest,
1207 527 1384 590 restituere.
1431 523 1519 588 Sunt

323 641 432 699 autem
463 633 526 699 loci
548 633 677 718 pauculi
699 633 753 697 hi:
780 641 817 696 H.
843 627 907 696 117
932 631 1034 706 οίδεινίι
1058 634 1162 716 prima
1184 631 1274 697 brevi
1298 629 1382 709 είσερ
1410 629 1516 703 οδδεινίε

323 742 380 808 έσι.
417 749 454 804 Θ.
489 738 560 804 133.
598 739 769 818 βροντήσας
802 736 864 817 ripa
895 736 996 800 δεινίν.
1030 744 1069 802 N.
1107 735 1180 802 163.
1212 737 1275 801 ασί
1306 757 1349 802 rao
1377 736 1458 800 δεῖσε
1484 735 1518 798 δὲ

323 847 418 926 ίνμῷ.
443 854 481 909 0.
508 843 582 910 626.
609 845 729 923 ἀνέμοιο
756 843 787 908 δέ
812 843 903 914 δεινδς
929 842 1036 917 utrisne.
1063 852 1109 908 Ω.
1134 841 1209 908 663.
1235 849 1337 922 Τρῶες
1363 843 1517 918 δεδίασιν,

323 957 355 1016 et
387 951 500 1016 duobis
531 950 608 1016 locis
639 976 676 1027 μ.
701 949 776 1016 203.
802 953 834 1014 et
858 973 888 1011 ιο.
916 946 992 1014 534.
1016 949 1125 1015 τῶνδ’
1150 946 1212 1029 ripa
1235 946 1398 1014 δεισάντων
1422 952 1455 1011 et
1478 945 1515 1024 β.

325 1057 378 1124 60.
404 1056 598 1122 ὑποδείσατε.

369 1163 460 1243 Quod
484 1168 594 1228 autem
616 1166 742 1248 saepius
765 1165 801 1227 in
822 1167 957 1247 utroque
981 1165 1119 1226 carmine
1139 1162 1259 1250 legitur
1281 1160 1367 1226 δείδω
1393 1165 1426 1225 et
1444 1160 1517 1224 ubi-

324 1291 384 1356 que
415 1272 449 1334 in
480 1270 659 1335 hexametri
691 1271 786 1334 initio
818 1267 1006 1344 collocatur,
1038 1287 1101 1332 non
1132 1269 1267 1333 arbitror
1294 1288 1361 1333 esse
1383 1266 1517 1354 linguae

323 1373 528 1450 Homericae,
560 1382 598 1440 ut
621 1396 722 1460 neque
746 1376 872 1440 Atticae
895 1372 1026 1460 linguae
1048 1394 1115 1440 esse
1138 1377 1215 1438 satia
1238 1379 1369 1439 constat.
1417 1371 1517 1437 Atha

324 1465 447 1546 irienses
478 1485 656 1546 constanter
688 1480 806 1546 δέδοικα
830 1485 886 1544 aut
911 1479 994 1544 δέδια
1019 1479 1164 1544 dicebant
1187 1485 1219 1544 et
1242 1477 1347 1556 δέδιίι,
1374 1478 1516 1555 δέδιμεν,

325 1586 479 1662 ἐδέδισαν,
513 1585 660 1663 δεδιέναι,
687 1585 786 1656 δεδιώς
810 1589 889 1650 caet.
936 1584 1097 1650 Homerus
1120 1584 1159 1649 de
1180 1605 1269 1650 more
1289 1587 1397 1650 omnia
1419 1584 1518 1650 habet

325 1693 450 1768 eadem,
483 1692 538 1757 sed
570 1696 676 1777 prima
699 1692 738 1758 ob
762 1693 917 1756 amissum
938 1691 1103 1778 digamma
1125 1693 1160 1755 in
1183 1691 1421 1778 diphthongum
1444 1711 1516 1776 pro·

325 1798 436 1863 ducta:
464 1798 614 1874 δειδοιιια,
640 1798 756 1874 δείδια,
781 1796 935 1873 δείδιμεν,
961 1796 1131 1874 ἐδείδισαν,
1157 1796 1367 1872 ὑσεδειδισαν,
1393 1797 1515 1870 δείδιθι,

325 1903 455 1980 δειδίμεν
488 1903 640 1991 (δεδιέναι)
669 1909 702 1968 ot
725 1901 877 1974 δειδιίτες.
924 1902 987 1968 Pro
1009 1903 1143 1990 vulgata
1166 1901 1249 1966 δείδω
1274 1923 1515 1988 nonnumquam

326 2010 505 2095 discrepans
536 2010 630 2076 lectio
664 2010 790 2095 antiqua
821 2008 916 2073 δείδια
948 2030 984 2074 ex
1016 2011 1152 2074 vetustis
1181 2013 1291 2093 poetae
1322 2009 1517 2074 editionibus

325 2118 393 2181 sive
413 2114 595 2192 boiariorum
616 2115 787 2201 profertur,
806 2119 844 2178 ut
865 2113 954 2179 iliad.
978 2123 1009 2180 Ξ.
1032 2113 1090 2190 44,
1112 2135 1209 2199 quam
1229 2113 1376 2200 equidem
1395 2115 1517 2199 ubique

324 2221 505 2286 cantoribus
535 2221 650 2286 ionicis
679 2220 870 2285 reddendam
901 2241 967 2286 esse
998 2223 1148 2297 arbitror,
1181 2227 1213 2284 et
1236 2239 1292 2305 pro
1315 2219 1397 2284 δείδια
1424 2241 1516 2305 repo·

323 2326 464 2390 nendum
495 2323 593 2392 δείδια
623 2336 660 2391 Κ.
691 2324 744 2390 39.
778 2337 816 2390 Λ.
845 2324 920 2392 470.
944 2333 985 2392 Ν.
1010 2323 1086 2390 745.
1113 2335 1144 2390 Ξ.
1171 2324 1223 2388 44.
1249 2333 1289 2388 Τ.
1315 2324 1367 2388 24.
1394 2334 1433 2390 Τ.
1459 2323 1515 2392 30.

326 2441 363 2498 Χ.
388 2431 463 2496 455.
489 2439 521 2499 st
545 2435 578 2498 in
603 2431 744 2519 Odyssea
768 2457 792 2496 ε.
817 2431 892 2499 300.
920 2430 996 2498 419.
1022 2429 1096 2497 473.
1123 2437 1155 2500 et
1177 2456 1213 2507 μ.
1242 2429 1318 2496 122.

876 2747 961 2814 VIII.

477 2969 705 3028 ἙΕΛΛΟΜΑΙ
732 2997 772 3008 -
799 2961 985 3025 ἘἙΑΛΗΝ
1010 2995 1054 3007 -
1077 2966 1367 3025 ἙΕἙΕΛΜΕΝΟΙ.

371 3171 486 3236 Editur
509 3169 593 3255 apud
617 3168 796 3234 Homerum
820 3178 858 3234 E.
886 3166 963 3233 203.

767 3275 878 3354 ἀνδρῶν
902 3275 1072 3351 εἰλομένων.

326 3390 358 3450 et
381 3392 418 3448 E.
445 3379 522 3448 782.

733 3484 852 3555 icam
876 3525 918 3536 -
943 3486 1100 3563 είλίαενοι.

326 3601 359 3660 et
382 3603 420 3658 Θ.
446 3593 522 3660 215.

539 3701 711 3780 είλομένιον.
733 3700 809 3766 είλει
833 3702 865 3766 δέ
889 3739 932 3750 —
953 3699 1074 3781 Ἕκτωρ
1098 3702 1278 3782 Πριαμίδης.

369 3806 535 3874 Bekkerus
567 3808 602 3872 τὸ
634 3807 785 3884 δίγαμμοι
816 3806 940 3873 addidit
970 3806 1149 3884 ιειλίμενοι,
1181 3807 1374 3884 εειλομέναν,
1410 3808 1512 3874 ιείλει.

325 3909 535 3978 Consentiunt
562 3911 655 3989 libri,
684 3911 872 3978 confirmant
895 3917 991 3978 testes
1014 3921 1156 3989 veteres,
1181 3913 1385 3999 Apollonius,
1409 3913 1513 4002 Hesy-

324 4018 432 4100 chius,
457 4015 675 4106 Etymologioi
698 4023 824 4092 auctor,
846 4022 970 4084 caeteri.
1007 4017 1129 4085 Tamen
1148 4021 1298 4086 mendosa
1317 4021 1394 4086 haec
1413 4021 1514 4088 forma

325 4128 372 4188 est
396 4128 428 4187 et
450 4125 664 4188 inveteratum
688 4125 861 4208 scripturae
884 4126 1004 4190 vitium
1027 4146 1083 4192 uos
1106 4126 1200 4192 fallit.
1241 4125 1328 4206 Quae
1351 4129 1394 4192 sit
1417 4130 1514 4213 proba

325 4234 357 4293 et
388 4231 527 4315 genuina
558 4228 660 4294 forma
694 4229 773 4294 duca
809 4232 931 4314 optima
969 4230 1114 4318 analogia
1146 4233 1406 4320 investigandum
1442 4235 1512 4300 erit.

325 4333 512 4419 Spectemus
534 4336 677 4419 primum
696 4335 814 4399 formas
832 4355 872 4400 ex
893 4341 1000 4402 vetere
1020 4338 1115 4402 verbo
1132 4347 1331 4426 propagatas.
1368 4340 1515 4406 coriatus

325 4443 373 4506 ast
396 4437 525 4517 εέλσαν,
547 4439 651 4506 εέλσαι
673 4447 705 4506 et
724 4439 857 4519 έιίιισαι,
879 4439 1005 4518 ιέλσας,
1027 4447 1065 4508 ut
1084 4443 1192 4509 κέλσαι
1210 4442 1368 4515 σίνιέιισας
1381 4453 1421 4510 Λ.
1437 4443 1514 4511 413.
