3296 5104
878 353 921 423 52

312 545 466 611 servanda
507 565 584 612 vcra
616 543 753 612 lectione
788 547 821 610 in
865 543 1043 630 Olynthium
1075 545 1117 612 Π.
1152 565 1226 634 pag.
1262 544 1316 612 21.
1355 545 1408 612 16.
1458 547 1534 612 ubi

313 647 444 716 Codices
475 670 585 718 omnes
614 651 655 717 ad
684 671 786 716 unum
816 651 898 716 hanc
929 653 1121 736 scripturam
1153 651 1321 718 exhibent:
1346 653 1384 724 ὡς
1414 647 1532 722 ἅπας

222 815 224 820 .
314 756 371 834 μὲν
392 755 485 835 λόγος
509 756 547 822 ἂν
571 759 638 839 citri
661 757 704 822 τοὶ
728 755 908 838 πράγματα
933 754 1070 834 μότοιιόν
1092 781 1122 821 τι
1146 757 1295 838 Φαίνεται
1320 757 1372 822 καὶ
1398 754 1528 828 κενόν,

313 861 438 940 ιοοόλιςοι
467 863 499 928 δὲ
531 864 544 928 ό
575 863 662 944 παρὰ
694 873 751 938 τῆς
783 861 935 944 ἡμετέροις
966 859 1102 937 πόλεως·
1135 858 1192 944 irc
1224 871 1302 928 ΓΛΡ
1326 863 1531 939 ἑτοιμότατ’

312 969 397 1049 αὐτῷ
429 968 573 1046 δοκοῦμεν
605 968 738 1049 miclon
770 967 903 1048 τοσούτῳ
936 971 1059 1046 μᾶλλον
1089 969 1235 1038 οὶπιςοῦοι
1264 967 1380 1041 πόντος
1403 969 1528 1049 αὐτῷ.

312 1072 396 1154 Quid
419 1073 565 1140 falsarius
587 1071 715 1140 noster?
737 1095 811 1162 pag.
839 1071 914 1138 158.
941 1073 993 1138 16.
1020 1074 1154 1141 eandem
1178 1075 1369 1140 sententiam
1392 1076 1530 1159 paucis

311 1184 435 1244 tantum
470 1181 575 1246 verbis
605 1181 740 1246 mutatis
772 1181 805 1244 in
835 1200 932 1244 usum
955 1200 1052 1245 suum
1075 1183 1248 1246 convertit:
1272 1182 1310 1250 ὡς
1334 1175 1421 1251 όπας
1454 1179 1528 1256 μέν

311 1285 356 1354 ἔτι
380 1284 474 1365 λόγος
497 1285 633 1364 μότοιιος
657 1285 795 1367 πρόξειον
818 1285 941 1365 ἄμοιρος
967 1283 1149 1364 γενόμενος,
1173 1285 1305 1365 τοτοότςι
1326 1286 1357 1350 δὲ
1377 1283 1527 1364 μόλις-οι

311 1391 325 1456 ό
357 1392 445 1470 παρὰ
477 1398 532 1464 τῆς
564 1391 716 1471 ἡμετέρας
749 1391 867 1463 πόλιος
897 1387 955 1471 duce
987 1393 1132 1468 δοκοῦμεν
1163 1393 1248 1472 αὐτῷ
1272 1391 1523 1471 προχειρότατα

310 1499 443 1578 χρῆσθαι
474 1503 532 1563 τῶν
563 1495 667 1563 ἄλλον
697 1498 862 1571 Ἑλλήνων.
911 1494 1044 1563 Certum
1076 1502 1124 1563 est
1147 1498 1232 1564 hunc
1255 1497 1363 1564 locum
1383 1518 1423 1564 ex
1451 1499 1523 1564 illo

311 1621 471 1668 manasse:
495 1606 606 1691 negari
629 1604 663 1669 id
686 1623 749 1668 non
768 1607 880 1690 potest.
930 1603 1015 1691 llrgo
1035 1604 1110 1670 hinc
1132 1604 1301 1670 manifesto
1319 1607 1522 1691 agnoscitur

282 1790 283 1796 ἵ
310 1729 426 1775 manus
467 1708 608 1775 Oratoris
642 1714 781 1775 correcto
815 1708 881 1774 levi
916 1729 1019 1775 errore
1054 1715 1086 1774 et
1121 1716 1277 1796 expuncto
1310 1709 1519 1776 emblemate

310 1813 437 1892 eritrea
472 1814 504 1879 δὲ
538 1815 551 1880 ό
588 1815 673 1896 ποιοοὶ
705 1824 761 1889 τῆς
793 1815 944 1893 ἡμετέρας
976 1815 1094 1889 πόλεως
1127 1811 1184 1898 dep
1218 1824 1290 1880 ΚΑΙ
1323 1815 1518 1894 ἑτοιμότατ’

312 1921 397 2000 αὐτῷ
422 1921 566 1999 δοκοῦμεν
589 1924 735 2002 χρῆσθαι.
762 1917 811 1987 Of.
836 1921 980 1986 Mnemon
1009 1920 1107 1988 1675.
1132 1943 1205 2010 pag.
1233 1920 1310 1988 424.
1334 1941 1379 2006 sq.

353 2026 532 2112 Perpetuus
565 2026 790 2094 Demosthenis
824 2028 969 2092 imitator
1003 2026 1158 2093 Liberius
1198 2030 1233 2092 in
1272 2027 1515 2094 declamatione

309 2145 416 2219 nuper'
443 2135 586 2219 primum
617 2133 704 2199 edita
737 2132 876 2219 (Hermes
907 2129 994 2198 1874
1038 2154 1112 2220 pag.
1144 2130 1214 2220 29.)
1245 2170 1286 2181 -
1311 2135 1513 2213 περιέσεσθαι

309 2243 363 2303 τοῦ
394 2236 518 2311 πιόντας
551 2240 608 2316 μὲν
638 2241 835 2318 ἐνοχλοῦντος
861 2238 931 2311 τοὺς
956 2235 1195 2319 εὐδοκιμοῦντας
1218 2238 1349 2322 φθόνου,
1375 2241 1512 2316 μόλιςοο

310 2344 341 2410 δὲ
364 2342 422 2428 όοιο
446 2345 498 2410 καὶ
523 2343 644 2424 ptores
668 2343 742 2411 δοκῶ
767 2346 927 2427 κατορόοῦν
950 2344 1016 2423 ἐμέ.

660 2561 892 2624 'EHICTOAH
918 2566 1140 2626 ΦΙΛΙΠΠΟΎ.

352 2771 503 2858 Sequitur
521 2771 650 2845 irssosl
671 2771 847 2846 Φιλίππου,
868 2791 965 2856 quam
986 2791 1049 2835 non
1064 2773 1170 2859 magis
1180 2769 1352 2857 Philippus
1363 2770 1505 2838 Macedo

306 2880 433 2963 scripsit
464 2898 561 2963 quam
591 2885 647 2943 aut
678 2882 731 2954 tu,
766 2879 822 2962 qui
853 2877 932 2942 hace
964 2875 1064 2963 legis,
1098 2882 1154 2941 aut
1184 2897 1253 2964 ego.
1308 2875 1505 2944 Rectissime

305 2983 462 3050 iudicavit
504 2983 660 3070 'Paylorus
693 2983 778 3068 apud
811 2979 1012 3048 Dindorfium
1040 2981 1080 3047 ad
1111 2982 1143 3047 b.
1168 2981 1190 3046 l.
1224 2982 1331 3059 „Mitt
1360 2983 1506 3048 uideatur

302 3091 438 3176 prosectu
468 3112 531 3154 οιιιιι
565 3090 689 3176 spatula
720 3088 876 3172 Philippi,
902 3093 962 3151 όιιοι
985 3087 1081 3152 oratio
1105 3088 1279 3152 adversaria
1301 3090 1407 3154 multis
1428 3089 1505 3153 odiis

305 3197 342 3260 dc
372 3195 470 3260 comis
501 3196 644 3277 ludicrae
668 3216 728 3258 csse
750 3217 785 3258 ec
808 3199 975 3277 tenpestate
998 3200 1086 3279 atquc
1108 3194 1305 3280 antiquitate,
1332 3217 1405 3281 qscas
1421 3219 1504 3279 proc

303 3324 334 3370 ιο
354 3303 477 3387 ferunt.
525 3301 647 3367 Eadem
676 3305 724 3364 est
754 3297 909 3365 Dindorfii
940 3302 1097 3366 sententia
1128 3302 1327 3366 assentientis
1362 3304 1403 3366 iis
1427 3302 1503 3387 „qui

303 3409 381 3476 tanc
410 3407 562 3492 epistolum
593 3406 629 3470 cd
660 3427 728 3496 repe
757 3427 816 3469 ιιοιι
847 3405 940 3486 mucis
961 3405 1102 3492 ιοτίρίιιιιι
1124 3428 1185 3470 erse
1207 3407 1390 3472 crediderint
1412 3431 1501 3493 quum

303 3537 379 3600 quac
401 3513 532 3578 οτοόόοιιό
555 3511 594 3577 de
617 3507 740 3577 Corona
761 3518 832 3576 sont
854 3511 984 3576 ιἰιιοπόοο
1005 3513 1134 3577 amem
1153 3513 1303 3596 epistotae.
1346 3514 1500 3579 Orationis

304 3622 381 3686 οιιόιιι
413 3621 493 3684 codor
524 3617 746 3702 wqcmentique
777 3618 928 3682 tractandi
955 3618 1034 3682 rotie
1063 3619 1211 3702 sophistae
1241 3621 1333 3684 multo
1362 3619 1494 3684 similior

306 3734 348 3792 eet
369 3748 457 3813 quam
479 3723 571 3805 rapi?

348 3830 443 3917 Apud
474 3850 527 3896 me
558 3848 683 3914 quoque
705 3827 797 3894 nulla
819 3835 867 3896 est
890 3828 1050 3895 dubitatio
1073 3832 1150 3914 quin
1173 3850 1212 3895 ex
1236 3829 1346 3896 eadem
1370 3829 1495 3898 officina

302 3943 335 4004 et
377 3935 511 4022 epistola
550 3942 582 4004 et
623 3936 724 4000 oratio
764 3935 947 4019 prodierint.
996 3933 1086 4015 Quod
1122 3941 1230 4001 autem
1265 3943 1496 4003 commemorat

302 4041 452 4128 Sophiste
482 4039 646 4126 complura
671 4040 841 4106 hominum
873 4045 906 4104 et
936 4038 1079 4106 locorum
1110 4043 1257 4119 nomina,
1290 4061 1371 4126 qnae
1394 4041 1494 4130 vulgo

301 4152 503 4237 ignorantur,
536 4144 640 4211 facilis
675 4153 723 4212 est
757 4147 938 4212 coniectura
971 4149 1080 4212 omnia
1114 4146 1191 4212 haec
1225 4168 1264 4212 ex
1294 4146 1494 4234 Theopompi

302 4258 498 4325 Φιλιππικοῖς
529 4271 596 4318 esse
627 4258 743 4322 sumta.
792 4251 876 4316 Sunt
906 4254 992 4318 enim
1022 4252 1100 4317 haec
1122 4254 1228 4338 spuria
1251 4255 1439 4339 perantiqua
1463 4259 1494 4321 et

300 4381 319 4427 a
349 4356 546 4426 Callimacho
577 4359 611 4422 iu
635 4357 761 4423 tubulus
785 4356 1003 4424 Bibliothecae
1027 4356 1260 4424 Alexandrinae
1283 4359 1410 4425 redacta
1435 4360 1491 4444 (εἰς

297 4465 368 4540 τοὺς
393 4466 526 4540 πίνακας
549 4463 793 4551 οὶναγραφέντοι)
819 4465 886 4530 sine
908 4461 977 4530 ulla
1000 4465 1178 4549 suspicione
1201 4465 1332 4531 fraudis.
1378 4463 1490 4549 Itaque
