3356 5086
895 375 960 444 260

334 565 409 634 574.
439 567 594 656 legimus:
627 564 821 648 rrpordrvrror
852 566 950 632 οιύπδιν
982 565 1049 652 (σὺν
1082 563 1180 650 σφώ)
1214 566 1310 648 <oncino
1343 561 1524 645 Ἡρωδιοινδς

333 675 386 738 οὐκ
410 673 472 739 οέπδ
496 681 551 748 τῆς
576 678 695 751 rodi.
722 672 765 738 διὸ
788 669 937 748 ὀξύνεται.
958 671 993 735 ri
1012 670 1077 750 γοὶρ
1098 680 1133 735 Ω
1154 679 1212 736 τῶν
1231 674 1338 738 δυἰκῶν
1359 667 1526 750 οὶπέςροιπ-

335 805 387 844 τοι
412 784 466 855 σὺν
490 779 729 858 περισπωμένιρν.
754 784 786 844 et
808 778 847 843 od
872 787 911 843 0.
936 776 1011 842 146.
1035 778 1134 858 οΦώτ
1158 785 1214 851 πῆς
1237 781 1344 858 σφῶϊ
1367 777 1524 850 ἀποκοπή.

335 886 407 952 Non
437 889 515 951 satis
544 886 605 951 sibi
636 889 776 962 constet,
810 889 848 948 ut
876 884 982 949 vides:
1016 882 1070 947 sed
1093 885 1139 948 sio
1163 883 1243 948 solet
1264 883 1467 950 Herodianus
1491 883 1525 945 οὐ
1574 893 1578 898 ·

334 993 377 1058 τοὶ
409 993 492 1056 αὐτοὶ
517 991 583 1071 περὶ
608 999 666 1055 πῶν
689 995 789 1055 οιῦπῶν
812 990 927 1066 λέγειν.
976 987 1089 1077 Longa
1111 994 1159 1054 eet
1182 990 1220 1055 de
1243 1009 1280 1055 ea
1303 1011 1337 1055 re
1361 989 1527 1053 annotatio

335 1099 418 1184 opud
448 1097 591 1185 Etymol.
621 1097 669 1163 M.
700 1118 772 1184 pag.
807 1094 891 1173 609,
922 1092 975 1159 43.
1000 1091 1045 1159 ὅτι
1069 1097 1104 1158 πὸ
1127 1104 1194 1160 ΝΩ.
1218 1096 1270 1160 xci
1294 1096 1329 1162 πὸ
1355 1103 1446 1160 coti
1470 1093 1526 1158 σὺν

335 1205 376 1284 τῷ
409 1213 423 1267 1
454 1205 533 1276 τινὲς
557 1202 713 1286 γράφουσι
736 1203 880 1279 λέγοντες
905 1202 968 1266 cirri
992 1203 1045 1264 τοῦ
1069 1209 1153 1266 Nol
1177 1202 1229 1267 reci
1256 1210 1360 1267 (ΖΦΩΙ
1383 1199 1526 1279 elverici

336 1309 420 1374 κοντοὶ
446 1311 614 1389 σσνοιίρεσιν
636 1313 690 1373 ποῦ
715 1318 750 1373 Ω
775 1307 827 1373 xci
851 1318 865 1372 1
890 1307 931 1378 εἷς
954 1307 1009 1380 σὺν
1035 1315 1085 1371 ΩΙ
1106 1306 1284 1386 δίφθογγον.
1323 1307 1528 1390 Quicumque

338 1421 386 1481 est
414 1419 470 1500 qui
499 1419 546 1482 ite
580 1417 702 1480 censuit
735 1418 822 1502 (nem
853 1412 931 1483 τινές
964 1414 1003 1478 de
1026 1435 1085 1476 σιιο
1107 1419 1182 1478 noto
1205 1413 1333 1480 homine
1354 1415 1388 1478 in
1411 1411 1472 1477 tali
1492 1433 1527 1476 re

337 1525 426 1607 poni·
443 1521 536 1604 solet)
567 1541 680 1587 verum
713 1521 811 1599 vidit;
844 1520 897 1584 sed
929 1518 1110 1584 Herodiano
1138 1519 1231 1584 aliter
1263 1522 1381 1584 visum.
1430 1519 1526 1582 ’Aee'

340 1627 470 1714 (inquit)
494 1629 511 1702 ἡ
536 1627 703 1704 παράδοσις
728 1629 780 1690 οὐκ
804 1623 870 1704 ἔχει
893 1625 928 1688 τὸ
952 1636 965 1690 Ι
993 1625 1181 1703 ἐγκείμενον.
1229 1621 1400 1690 Contendit
1421 1626 1529 1712 igitur

337 1729 382 1798 ὅτι
406 1733 440 1796 πδ
464 1741 529 1797 ΝΩ
556 1730 608 1796 xa>
634 1741 722 1797 ΟΦΩ
748 1733 801 1796 οὐκ
823 1731 943 1808 ἐγένετο
968 1731 1031 1796 ort
1055 1735 1107 1794 πσῖι
1127 1739 1210 1796 Nm
1233 1731 1285 1794 xci
1307 1740 1411 1796 ΕΦΩΙ
1435 1730 1527 1794 ἀλλὰ

338 1840 389 1904 xci
421 1842 525 1902 ποιῦτοι
557 1838 664 1918 ἑτέρων
695 1837 819 1912 discurri
849 1839 893 1905 ἕςι
926 1837 978 1902 xci
1010 1839 1127 1903 ἐκείνων
1156 1833 1245 1918 ἕτεροι
1273 1836 1407 1916 νέμοιτο.
1456 1836 1528 1902 Ηοσ

339 1950 387 2010 eet
417 1944 500 2030 quod
531 1944 626 2009 modo
656 1943 839 2009 audivimus
861 1941 1082 2010 Herodianum
1105 1941 1208 2008 dicere
1231 1939 1425 2023 προσδτυπδν
1449 1941 1526 2009 ἕσιν.

338 2052 516 2118 Audiamus
538 2071 622 2115 nunc
645 2049 850 2134 Apollonium
875 2047 1050 2135 Dyscolum
1071 2049 1136 2126 περὶ
1157 2052 1327 2126 Ἀνσοιννμ.
1347 2067 1422 2134 pag.
1449 2046 1528 2113 110.

338 2177 367 2223 n.
394 2160 427 2221 ci
452 2157 597 2223 Ἀπτικοιὶ
623 2154 836 2243 (dructoaldo)
858 2164 926 2220 ΝΩ
947 2154 999 2219 καὶ
1022 2164 1111 2220 con
1131 2154 1216 2219 κοισοδ
1239 2156 1295 2228 τὴν
1317 2155 1437 2219 εὐθεῖαν
1460 2153 1529 2231 ὄξει-

339 2262 429 2335 πόνως
461 2263 694 2340 ἀνεγνώσθησαν
720 2261 806 2341 ποιροὶ
829 2264 870 2342 τῷ
895 2270 1003 2340 ποιητῇ
1029 2260 1080 2325 reci
1104 2258 1206 2326 ἅπασι
1230 2267 1388 2340 τραγικοῖς
1412 2284 1448 2324 πε
1472 2259 1527 2324 xci

340 2377 497 2445 κωμικοῖς,
532 2366 576 2432 οἵ
603 2391 638 2432 σε
665 2367 823 2446 γροιφοιὶ
857 2368 923 2431 οὐκ
950 2367 1094 2446 ἔχουσι
1118 2367 1159 2430 τδ
1182 2374 1196 2431 Ι
1221 2363 1527 2445 προσκείμενον.

338 2475 431 2560 Erat,
463 2474 627 2552 uirides,
654 2472 822 2551 παράδοσις
846 2473 1001 2558 quaedam
1024 2493 1080 2557 per
1102 2475 1387 2560 grammaticorum
1411 2493 1530 2538 munus

338 2584 371 2646 iu
403 2580 495 2646 libris
518 2579 558 2645 sd
580 2587 720 2644 nostrum
743 2582 931 2645 memorium
955 2584 1130 2665 propagata
1153 2579 1190 2641 νώ
1214 2584 1246 2643 et
1269 2576 1338 2659 σφώ
1363 2597 1429 2643 esse
1453 2582 1530 2644 scri-

337 2688 494 2762 bendum,
519 2705 580 2751 non
604 2683 640 2766 νῷ
664 2691 696 2750 et
719 2683 798 2768 σφῷ.
847 2684 951 2765 Quem
975 2683 1141 2762 σοιροὶδοσιν
1166 2685 1193 2748 si
1214 2686 1295 2748 ratio
1319 2689 1352 2749 et
1379 2683 1531 2771 analogia

336 2794 532 2880 redarguunt
554 2797 625 2858 tuto
649 2790 754 2857 velere
776 2790 911 2856 iubebis.
959 2787 1119 2856 Conseusu
1142 2811 1252 2856 omnes
1276 2795 1452 2876 agnoscunt
1472 2791 1530 2854 rir-

338 2900 432 2967 σικιςί
450 2919 513 2964 non
533 2897 625 2962 aliter
644 2918 740 2982 quam
760 2899 814 2976 νῷν
836 2901 867 2960 et
885 2897 973 2977 σφῷν
997 2916 1063 2960 esee
1086 2895 1306 2973 scribendum,
1332 2915 1413 2980 quae
1435 2902 1528 2971 sunt,

340 3005 448 3087 credo,
473 3025 513 3068 ex
534 3003 714 3068 Homericis
738 3005 803 3067 νῶϊν
826 3007 858 3067 et
882 3005 981 3082 σφῶϊν
1005 3007 1174 3067 contracte.
1218 3001 1310 3081 Quod
1332 3005 1443 3066 eutem
1463 2999 1529 3066 He

338 3111 487 3177 rodimus
511 3113 665 3174 asseverat
691 3111 743 3173 νῶϊ
764 3113 796 3172 et
819 3109 874 3184 νώ,
901 3110 983 3186 σφῶϊ
1007 3111 1039 3172 et
1058 3106 1128 3186 σφώ
1149 3107 1268 3171 diversa
1288 3127 1354 3172 esse
1373 3105 1531 3172 vocabule

340 3220 411 3304 quis
441 3218 521 3282 serio
552 3211 678 3278 credet?
724 3211 814 3292 Quod
841 3213 928 3278 idem
951 3211 1029 3278 alibi
1053 3213 1132 3277 dicit
1154 3213 1222 3293 σφώ
1247 3233 1314 3278 esse
1338 3221 1393 3284 τῆς
1425 3215 1532 3290 σφῶϊ

220 3383 223 3387 .
341 3322 499 3396 droconis
532 3322 603 3406 quis
624 3324 672 3385 est
694 3319 787 3384 hodie
810 3321 865 3404 qui
888 3338 1079 3402 concoquere
1102 3315 1222 3402 possit?
1268 3317 1366 3382 Erant
1393 3318 1472 3384 olim
1496 3321 1531 3382 in

333 3417 419 3495 'artis
452 3427 586 3492 infantie
622 3425 699 3490 hoec
732 3426 959 3511 magistrorum
990 3423 1094 3488 veluti
1124 3443 1294 3508 puerorum
1330 3425 1466 3501 σοίγνιοι
1497 3429 1530 3489 et

339 3535 496 3606 ludibria,
529 3532 692 3606 οέποκοπιὶ,
727 3530 932 3610 οὶνπίφροισιι.
967 3529 1174 3604 σὶνπίπσωσις,
1199 3529 1372 3618 ιε’νοιοιλοιγιὶ
1392 3530 1528 3613 cereris,

342 3641 474 3722 numeri,
498 3639 647 3722 temporo.
671 3637 754 3702 unde
777 3634 835 3701 ills
857 3634 936 3701 olim
956 3635 1121 3700 decantate
1138 3635 1304 3716 εἰιισκῐονὶσ
1315 3657 1374 3719 pro
1393 3635 1530 3718 plurali,

334 3767 478 3834 praesens
498 3767 552 3828 ρνο
566 3743 701 3829 futuro,
726 3745 799 3807 eim.
819 3761 899 3826 quae
915 3761 999 3806 nuuc
1021 3741 1073 3808 vel
1093 3761 1111 3806 e
1132 3739 1302 3828 Theologis
1323 3741 1532 3806 fastidiuntur

343 3876 379 3920 co
409 3851 601 3917 deridentur.
649 3849 734 3930 Quid
756 3851 859 3936 igitur
882 3847 1020 3932 impedit
1042 3852 1081 3912 nt
1104 3847 1254 3913 suadente
1276 3852 1397 3914 ratione
1420 3853 1453 3914 et
1477 3849 1530 3914 ad·

344 3957 516 4045 stipulante
547 3957 693 4044 analogia
725 3960 904 4021 statuemus
933 3953 1203 4038 quemadmodum
1234 3955 1289 4032 νῷν
1320 3960 1352 4020 et
1381 3955 1468 4036 σφῷν
1492 3976 1532 4020 ex

343 4070 410 4133 νῶϊν
434 4069 465 4129 et
489 4065 586 4141 σφῶϊν
610 4064 875 4149 prognatorum,
899 4061 946 4123 sic
969 4080 1007 4124 ex
1030 4061 1082 4122 νῶϊ
1106 4064 1137 4124 et
1161 4061 1245 4139 σφῶΐ
1266 4060 1333 4124 iem
1356 4060 1441 4145 apud
1463 4059 1532 4126 Ho-

343 4191 468 4237 merum
503 4164 540 4246 νῴ
562 4172 594 4232 et
617 4165 686 4248 σφῴ
710 4185 777 4230 esee
799 4162 885 4230 orte?
930 4161 1148 4230 Accentuene?
1172 4169 1205 4229 at
1228 4162 1290 4244 πρῴ
1314 4185 1354 4230 ex
1377 4169 1456 4242 πρῶϊ
1477 4185 1532 4230 ns·

345 4284 417 4343 tum
447 4293 540 4340 nemo
570 4277 684 4361 neget,
718 4277 749 4336 et
779 4271 879 4350 Τρῳάς
907 4292 944 4336 ex
968 4269 1171 4352 Tpdi'oederi
1195 4271 1234 4336 eb
1259 4273 1327 4355 ipso
1350 4270 1533 4337 Herodiano

347 4383 518 4449 didicimus
540 4381 573 4444 in
597 4377 754 4446 Mnemos.
782 4375 877 4445 1873.
903 4398 977 4464 pag.
1003 4376 1053 4441 55.
1091 4373 1204 4441 Restat
1227 4378 1328 4464 igitur
1350 4375 1418 4441 sols
1435 4375 1534 4442 libro·

346 4509 419 4554 rum
442 4491 589 4552 veterum
612 4483 706 4550 fides:
732 4485 748 4559 ἧ
772 4483 940 4565 πσροὶδοσις
964 4484 1017 4547 οὐκ
1041 4479 1108 4561 ἔχει
1133 4484 1167 4546 τὸ
1191 4492 1205 4546 1
1226 4483 1411 4560 ἐγκείμενον.
1448 4481 1533 4563 Quid
