3356 5086
700 393 765 466 257

351 589 377 652 εί
400 587 446 664 μοί
477 585 574 666 τΦιό
598 585 715 654 Δίαντε
740 586 891 668 διίκριναν·
908 586 959 672 (Π.
984 597 1016 652 Ρ.
1043 585 1144 674 balb.

144 691 194 758 isa
224 692 259 757 τό
291 692 421 767 διηνεκὲς
449 692 614 774 Φνλαχόῇ.
661 693 760 760 Plane
790 694 1030 760 Aristarcheum
1053 694 1111 761 hoo
1135 700 1199 762 est:
1224 691 1272 760 ίνα
1294 691 1332 762 τό

144 807 359 866 ΔΙΗΝΕΚΕΟ
393 800 564 880 φυλαχθῇ,
600 797 654 862 sed
689 798 766 884 quid
800 801 843 863 sit
875 799 910 863 τό
942 798 1073 874 διηνεκές
1105 821 1144 865 ex
1175 800 1330 865 librorum

143 904 268 968 mendis
298 904 451 988 dispicere
477 903 537 968 hoo
560 923 656 988 opus,
680 904 733 970 hic
755 903 845 970 labor
867 910 901 970 et
923 905 1001 971 olim
1024 905 1088 971 fuit
1111 910 1143 971 et
1164 927 1248 972 nunc
1271 911 1330 974 est.

142 1008 253 1096 ltaque
275 1009 452 1076 Aristarchi
472 1008 590 1074 indicio
613 1009 666 1075 vel
689 1009 908 1078 emendatione
930 1033 1013 1079 nnuc
1036 1017 1119 1078 recte
1142 1013 1307 1078 scribiturt

391 1114 438 1186 τίς
461 1113 520 1194 τοίρ
542 1120 629 1196 σφωε
653 1115 732 1180 θεῶν.

390 1216 478 1294 alala
509 1226 619 1301 σφωε
650 1219 739 1300 τόρεν
763 1220 840 1295 ίεός.

390 1325 479 1392 ἄλλοί
510 1335 618 1409 σφωε
647 1326 732 1400 δόλος
756 1327 808 1393 καὶ
833 1328 944 1406 δεσμός
970 1328 1075 1410 ίρόξει.

389 1434 415 1498 εί
438 1436 482 1512 μή
507 1430 588 1514 σφω’
611 1431 727 1500 Αἴαντε
752 1432 907 1514 διέκριναν.

141 1539 351 1626 similiterque
374 1539 465 1605 Iliad.
490 1549 531 1605 A.
558 1537 633 1606 751.

322 1647 348 1711 εί
372 1647 416 1722 μιί
440 1645 527 1721 σφωε
552 1648 653 1727 πατὴρ
679 1683 722 1696 -
747 1647 780 1710 ἐκ
803 1646 941 1725 πολέμου
965 1645 1108 1714 recem.

186 1751 349 1818 Oontmrio
371 1773 474 1818 errore
497 1752 573 1817 libri
594 1752 792 1818 Zenodotum
815 1754 1005 1839 deceperunt
1026 1764 1072 1820 M.
1099 1753 1176 1820 366.

275 1854 372 1936 Alco,
404 1860 513 1940 σφῶϊ
542 1860 599 1936 μὲν
622 1855 710 1936 αὖόι,
736 1859 773 1924 οὺ
799 1858 852 1924 καί
876 1859 1017 1940 κρατερός
1041 1859 1243 1938 Λυκομήδης,

273 1963 399 2037 ἑταότεε
424 1963 566 2036 Δαναοὺς
589 1963 726 2042 ὀτρύνετε
752 1959 802 2045 ίφι
825 1963 997 2044 μόχετίαι.

138 2071 193 2136 ubi
219 2073 428 2138 Aristonicus:
453 2073 470 2147 ιὶ
495 2070 588 2146 διτλῆ
611 2067 656 2136 ότι
681 2069 846 2145 Ζηνόδοτος
871 2074 989 2153 νρόΦει
1022 2076 1140 2153 σφῶε.
1172 2077 1261 2138 τοῦτο
1289 2070 1321 2136 δέ

138 2180 199 2248 ἒςιν
230 2178 397 2252 αὐτούς,
429 2173 501 2258 ότερ
525 2179 585 2258 οὐχ
610 2176 746 2258 οδρμόζει.
770 2178 805 2242 τδ
830 2177 860 2242 δὲ
894 2182 1000 2258 σφῶϊ
1026 2181 1125 2256 ὑμεῖς.

182 2285 264 2366 Quia
297 2305 475 2369 numquam
510 2285 703 2369 quicumque
737 2286 952 2350 inveteratum
988 2305 1124 2350 errorem
1158 2283 1323 2371 redarguit

139 2397 221 2458 caret
250 2389 542 2476 reprehensoribus,
576 2392 632 2475 qni
655 2390 805 2456 mendosa
826 2394 935 2457 vetere
956 2394 1048 2456 novis
1070 2390 1246 2456 emendatis
1268 2410 1321 2454 on·

139 2503 288 2584 teponunt
319 2501 352 2562 et
380 2517 476 2562 suum
500 2496 677 2560 Mcmsimoe
697 2496 858 2561 mordicus
881 2499 1035 2573 retinent,
1060 2498 1191 2562 aionon
1214 2495 1321 2561 defue-

139 2611 209 2670 runt
242 2608 297 2691 qui
333 2602 515 2670 Aristarcho
547 2623 623 2669 vera
651 2604 794 2667 monenti
828 2605 943 2667 aeriter
976 2602 1229 2688 obloquerentur.
1283 2601 1320 2666 Iu

138 2731 226 2776 versu
249 2710 382 2776 Iliados:

314 2816 362 2888 τίς
386 2817 444 2897 τοίρ
468 2821 565 2898 σφωε
590 2818 659 2882 θεῶν
684 2813 753 2895 ἔριδι
777 2813 902 2892 ξυνέηκε
925 2814 1107 2898 μόχετίαι;

139 2931 273 2989 neuram
305 2921 456 2990 Zenodoti
485 2925 674 3008 scripturam
707 2928 792 3002 σφω]
824 2927 905 2988 teste
937 2921 1106 3006 Apollonio
1137 2921 1174 2984 de
1197 2921 1343 3005 δρκιοοί

138 3051 206 3117 pag.
233 3028 315 3105 167,
341 3029 372 3094 9.
397 3031 498 3096 Bekk.
523 3030 575 3094 καὶ
601 3027 739 3101 Σιδόνιος
763 3028 910 3107 προκρίνει
932 3027 982 3090 καί
1004 3025 1094 3091 ἄλλοι
1117 3033 1238 3094 τλεῖτοι
1258 3051 1318 3090 τα-

139 3134 319 3214 ρατιίόριενοι
342 3135 394 3200 καί
415 3135 547 3208 ἐκδόσεις
566 3133 749 3212 Ὁμηρικός.
775 3134 879 3200 Nemo
898 3133 1036 3220 negabat
1054 3136 1139 3214 ιιΦαῖ
1153 3135 1187 3197 in
1206 3132 1321 3198 multis

138 3241 268 3308 Homeri
299 3241 493 3307 editionibus
529 3240 742 3317 circumferri,
778 3246 810 3305 et
845 3239 1022 3304 Zenodotus
1057 3241 1141 3319 σῷαί
1174 3239 1320 3314 dederet,

138 3351 283 3433 qnoniam
315 3349 349 3413 id
379 3350 412 3412 in
444 3350 510 3412 suis
538 3347 630 3412 libris
652 3355 809 3431 repererat
833 3350 891 3410 eut
913 3345 1061 3410 omnibus
1084 3348 1140 3410 aut
1162 3344 1321 3430 plerisque

137 3476 232 3540 neque
255 3457 426 3540 quisquam
445 3459 518 3518 ante
536 3452 756 3519 Aristarchum
776 3453 945 3517 discrimen
964 3454 1048 3516 inter
1065 3456 1149 3532 οφιιῐ
1171 3453 1203 3515 et
1222 3453 1320 3530 σφωε

139 3561 420 3643 animadverterat,
441 3557 711 3644 quemadmodum
731 3557 908 3623 Zenodotus
928 3559 1016 3638 σφῶϊ
1033 3561 1066 3622 et
1086 3559 1183 3637 σφῶϊν
1198 3574 1321 3640 quoque

138 3670 222 3751 quasi
246 3665 330 3730 nihil
354 3668 520 3730 interesset
543 3665 627 3729 inter
650 3685 682 3729 se
706 3663 900 3730 confuderat.

179 3771 338 3838 Similiter
359 3769 450 3836 Iliad.
476 3778 513 3834 H.
539 3767 605 3836 279
628 3790 685 3855 pro

315 3873 448 3953 μηκέτι,
472 3875 565 3939 παῖδε
589 3875 694 3954 Φίλα,
719 3873 924 3955 πολεμίζετε,

316 3977 480 4062 όμφοτίρω
505 3981 568 4061 γὰρ
593 3987 678 4063 σφῶϊ
702 3986 794 4062 Φιλεῒ
815 3980 1047 4062 νεφεληγερέτα
1070 3978 1160 4051 Ζεύς.

139 4091 338 4176 pertinaciter
376 4085 522 4151 nonnulli
556 4087 734 4153 retinebant
768 4086 977 4153 Zenodoteam
1010 4086 1179 4152 lectionem
1211 4089 1318 4164 σφῶε.

140 4196 321 4282 Apollonius
345 4192 412 4270 περὶ
437 4194 645 4270 ’Λντοινιιμιῶν
668 4213 742 4281 pag.
768 4191 844 4257 114.
870 4187 1321 4278 λ.Βίαιοεό’1ξίοιν(])θιλλο-

139 4303 228 4388 trIus)
253 4299 298 4368 tri
322 4301 378 4375 την
401 4303 499 4379 τΦωΕ
522 4299 573 4363 καί
597 4299 647 4364 tsi
673 4299 809 4380 δευτέρον
832 4300 955 4364 τόσσων

476 4405 642 4486 ἀμφοτέρω
667 4405 730 4486 peip
754 4410 852 4486 σφῶε
874 4411 973 4485 φιλεῖ.

142 4515 194 4580 ἔτι
234 4513 289 4598 καί
323 4515 340 4587 ἦ
374 4512 439 4576 scie
469 4511 519 4577 διὰ
542 4516 595 4576 τοῦ
623 4521 656 4576 Ε.
704 4511 916 4577 Antimachus
937 4511 1023 4575 enim
1046 4514 1079 4573 et
1100 4505 1237 4575 Godana
1259 4515 1324 4575 νῶε

1141 4616 1172 4664 lt
