3356 5084
911 373 978 444 teo

348 571 513 634 morantur
535 568 593 632 ιθνο
616 566 780 652 homines,
802 585 940 653 quorum
962 561 1043 630 ulter
1065 565 1193 648 repente
1216 561 1256 628 de
1279 558 1366 627 coelo
1393 557 1543 646 delspeus
1606 589 1611 601 ·

349 679 406 738 est
454 671 517 740 Sed
546 674 607 740 hoc
641 672 772 758 quidem
803 672 934 739 evidens
964 673 1069 736 estet
1095 666 1542 734 manifestumdercohnec

350 777 427 843 dici:
460 780 474 844 θ
508 781 564 857 μὲν
595 779 633 843 δι’
665 779 775 843 ἐκεῖνον
806 779 901 845 οἴεται
933 776 1128 850 σωθήσεσθαι.
1177 774 1255 854 Quis
1286 780 1410 859 praeter
1431 776 1542 858 ipsum

348 904 440 948 reum
473 887 536 971 (rio
570 882 747 968 φεύγοντα)
780 885 844 951 (1ίοὶ
875 887 981 969 potest
1011 883 1140 956 σωθῆναι
1172 881 1189 957 ἢ
1220 877 1409 958 ἀπολέσθαι,
1434 879 1544 944 idest

348 988 527 1070 ἀποφυγεῖν
558 990 575 1066 ἢ
604 987 742 1056 ύλῶναιί
789 989 874 1069 Quid
896 991 931 1053 in
952 988 1081 1054 iudiciis
1103 988 1255 1054 usitatius
1277 1007 1374 1073 quem
1396 991 1435 1052 ut
1459 985 1543 1050 abso·

348 1096 423 1160 θιιίίο
445 1097 570 1163 dicetur
591 1097 674 1161 ιοίαο
697 1101 730 1162 et
753 1096 906 1174 σωτηρία,
931 1101 964 1161 et
987 1094 1190 1161 condemnatio
1213 1094 1336 1158 coitione
1359 1097 1392 1158 et
1409 1090 1540 1172 ίλεθρος.

348 1201 459 1288 Itaque
480 1203 658 1269 Androtion
681 1201 909 1268 disertissimus
932 1207 1094 1268 oratorum
1117 1201 1236 1266 dicitur
1257 1219 1347 1285 spem
1369 1197 1485 1266 edatis
1507 1202 1543 1264 in

349 1307 412 1374 clio
443 1311 549 1375 nescio
581 1328 642 1393 quo
678 1309 728 1393 (δι’
752 1307 874 1394 ἐκεῖνον)
898 1311 1038 1393 positam
1060 1307 1197 1383 hebere,
1222 1310 1255 1372 et
1273 1305 1357 1372 nlius
1380 1304 1542 1370 incertum

350 1416 421 1500 quis
443 1415 611 1499 impudens
630 1413 852 1495 παρακάθηται
872 1413 924 1480 καί
946 1416 978 1480 ού
999 1413 1190 1480 καταδύεται
1210 1420 1273 1486 τοῖς
1293 1411 1538 1492 πεπραγμένοις.

394 1517 458 1586 Sed
484 1541 541 1586 cur
562 1520 656 1608 pinrn
676 1523 774 1589 verbe
797 1521 929 1606 perdam
951 1523 985 1586 in
1007 1542 1042 1587 re
1064 1517 1189 1606 opertui
1213 1519 1431 1585 contaminatae
1451 1525 1539 1602 ιιιιιί,

348 1633 387 1693 ut
416 1631 490 1692 utor
520 1627 617 1694 verbo
648 1626 855 1702 Terentiano,
886 1627 968 1692 duee
1001 1629 1157 1692 orationes
1189 1631 1222 1692 et
1251 1623 1340 1691 locus
1369 1645 1410 1690 ex
1439 1622 1540 1690 alters

347 1733 462 1800 stolide
493 1734 528 1798 in
558 1732 692 1800 niteram
723 1734 896 1800 translatus
926 1737 984 1800 est.
1030 1731 1135 1798 Verba
1165 1752 1240 1819 pag.
1273 1729 1349 1796 616.
1384 1727 1438 1795 18.
1469 1729 1539 1809 τρία

347 1841 444 1905 τοίνυν
483 1839 518 1902 ἐκ
555 1838 663 1904 τούτου
688 1879 730 1888 -
755 1839 948 1905 καταδύεται
984 1847 1046 1912 τοῖς
1084 1837 1314 1921 πεπραγμένοις
1348 1835 1540 1922 interpolate

346 1951 422 2011 sunt
451 1965 491 2010 ex
520 1965 595 2033 pag.
629 1943 707 2012 756.
734 1945 788 2011 28.
835 1947 886 2012 Ad
907 1947 1046 2031 priorem
1069 1945 1178 2012 locum
1200 1943 1406 2010 Aristarchus
1427 1941 1538 2020 θβελθν

347 2053 419 2130 μετ’
455 2051 615 2132 ύτερίσκον
651 2055 848 2138 opposuisset
883 2048 928 2118 ύτι
964 2051 1010 2122 ἐς)
1043 2052 1100 2128 μὲν
1129 2057 1183 2118 τοῦ
1216 2050 1352 2132 ῥήτορος,
1383 2051 1487 2119 κακῶς
1510 2047 1538 2114 δ’

347 2157 453 2223 inette
477 2167 589 2224 κεῖται.

393 2265 514 2342 Nemo,
547 2264 673 2350 opinor,
704 2285 743 2330 ex
775 2264 834 2341 iis,
863 2283 1000 2347 quorum
1029 2263 1069 2328 de
1098 2263 1150 2330 his
1172 2265 1267 2330 rebus
1289 2260 1449 2328 iudicium
1472 2266 1537 2346 est,

351 2390 445 2436 cause
469 2371 597 2458 cognito
618 2370 701 2434 mihi
725 2369 928 2436 contradicet.

392 2475 457 2542 Ubi
487 2479 590 2563 igitur
620 2477 697 2542 satis
721 2480 844 2542 constet
865 2475 950 2541 hunc
974 2473 1082 2540 locum
1105 2496 1144 2540 ex
1168 2473 1226 2540 illo
1250 2474 1449 2543 adverbum
1473 2495 1537 2542 esse

348 2581 561 2668 descriptum,
584 2601 812 2666 componamus
831 2587 1000 2666 utramque
1020 2583 1221 2666 scripturam.
1255 2579 1293 2644 in
1310 2579 1381 2648 loco
1398 2583 1538 2669 genuino

288 2677 290 2684 ,
346 2708 423 2756 sana
452 2693 484 2754 et
513 2691 640 2775 integre
670 2693 745 2752 sunt
775 2689 901 2752 omniu:
934 2689 976 2761 είς
1005 2689 1090 2752 τοῦτ’
1115 2687 1316 2762 ἀναισθησίας
1340 2686 1393 2752 καί
1418 2686 1537 2765 τύλμης

347 2793 588 2875 προεληλύθασιν
620 2791 688 2858 ὥσθ’
718 2792 732 2858 ὃ
764 2794 822 2872 μὲν
853 2792 948 2860 οίεται
973 2795 1047 2859 -κτὲ,
1096 2791 1133 2858 Ιιι
1167 2793 1237 2860 loco
1271 2794 1346 2858 hinc
1380 2793 1538 2880 descripto
1673 2797 1674 2816 ¹

347 2903 463 2967 vitiose
494 2900 632 2988 legitur:
665 2902 708 2972 είς
737 2903 821 2965 τοῦτ’
852 2899 1053 2975 ἀναισθησίας
1077 2899 1130 2963 καί
1155 2899 1274 2978 ritune
1297 2899 1539 2979 προεληλύθασιν

350 3003 422 3093 [ὦσε
454 3004 628 3084 μέμνηνται
660 3005 774 3073 τούτων
805 3009 844 3078 cic
869 3013 972 3079 καλῶς
995 3009 1100 3078 αὐτοῖς
1124 3004 1324 3094 διῳκημένων]
1352 3002 1423 3072 ὥσθ’
1444 3005 1460 3070 θ
1482 3005 1540 3084 μὲν

347 3111 443 3178 τίεται
467 3112 532 3178 κτὲ.

391 3219 518 3284 Lubens
539 3239 623 3284 nunc
648 3237 831 3302 quaererem
851 3239 890 3284 ex
910 3219 951 3283 iis
971 3219 1027 3303 qui
1045 3215 1240 3284 Oriticorum
1260 3217 1429 3284 audacium
1449 3239 1542 3284 uren·

346 3329 430 3392 tium
462 3330 494 3390 et
521 3326 698 3390 secantium
722 3327 754 3388 ot
776 3323 883 3389 muita
904 3327 1116 3391 resecnntium
1139 3330 1197 3390 eut
1219 3323 1327 3410 pulum
1349 3323 1543 3390 insimulant

347 3436 403 3498 eut
434 3432 526 3496 taciti
548 3429 775 3516 indignantur,
802 3431 884 3496 sitne
908 3431 961 3495 hic
983 3429 1073 3498 locus
1096 3429 1305 3516 interpolatus
1329 3451 1370 3496 ιιι
1392 3433 1542 3516 nonsit,
1671 3437 1672 3450 ³

345 3538 489 3621 itemque
519 3541 632 3600 utrum
664 3535 824 3602 emblema
855 3539 898 3602 sit
925 3538 1174 3624 expungendum
1197 3555 1254 3602 nec
1276 3556 1327 3603 ne.
1374 3535 1440 3615 Qui
1462 3539 1542 3602 victi

347 3645 493 3711 veritatis
525 3643 648 3708 viribus
677 3663 761 3707 nunc
795 3642 926 3727 quidem
961 3645 1189 3718 assentientur,
1224 3642 1305 3708 forte
1339 3643 1373 3708 in
1408 3645 1542 3710 ceetsms
1670 3689 1671 3692 ,

344 3749 476 3835 posthac
505 3749 613 3815 verius
644 3753 676 3813 et
698 3750 835 3826 rectius,
860 3748 913 3816 vel
935 3748 1049 3816 saltem
1073 3751 1188 3814 mitius
1211 3752 1244 3814 et
1265 3747 1476 3826 clementius,
1501 3748 1542 3814 de
1670 3735 1671 3780 t

347 3854 466 3921 talibus
488 3854 686 3921 iudicabunt.

391 3961 489 4027 Recte
528 3960 612 4027 vidit
645 3959 809 4028 Dobrseus
842 3981 904 4047 quo
940 3967 1032 4048 pecto
1066 3961 1165 4030 verbe
1199 3961 1308 4048 spurio
1340 3963 1417 4026 nete
1457 3963 1539 4026 sint:

346 4089 461 4153 nempe
491 4088 547 4152 pro
571 4074 941 4134 ΩΕΘΟΜΕΝΟΙΕΤΛΙ
966 4067 1116 4154 mendose
1137 4064 1194 4136 ιθςε
1219 4066 1393 4146 μέμνηνται
1417 4065 1539 4134 lectum

347 4179 412 4240 est:
438 4174 571 4251 „deinde
592 4173 711 4258 reliqua
733 4174 865 4259 (inquit)
889 4173 996 4238 addita
1018 4175 1053 4238 ού
1075 4173 1217 4239 ιοιιιιιοι.”

391 4379 449 4446 list
471 4401 581 4466 operae
604 4383 744 4467 pretium
768 4382 808 4447 ed
831 4383 913 4451 hene
935 4384 1042 4450 lucem
1066 4384 1152 4450 locos
1174 4333 1329 4469 quosdam
1352 4404 1391 4448 ex
1418 4386 1538 4448 Andro-

340 4485 440 4552 ιθοιιοο
462 4490 494 4552 et
514 4485 695 4552 dinocraten
713 4489 796 4554 inter
814 4510 848 4554 se
868 4511 1051 4576 comperire
1072 4495 1110 4557 ut
1129 4491 1168 4558 de
1187 4491 1359 4558 verborum
1380 4493 1535 4577 scripturn
