3356 5084
309 521 499 613 [ἐθελοντὰς]
530 531 755 605 παραχωρῆσαι
789 526 946 606 Φιλίππῳ.
994 525 1124 612 Repone
1156 527 1191 590 in
1214 525 1369 611 margine.
1418 521 1500 590 Aere

305 638 338 696 et
360 629 471 695 ardens
494 631 774 709 αὐτεπαγγέλτους
799 653 861 697 non
886 632 947 698 fert
968 631 1161 719 languidum
1182 636 1215 696 et
1234 633 1318 696 iners
1337 629 1499 704 ἐθελοντάς

305 737 367 802 sibi
402 737 560 802 additum.
609 737 696 802 Olim
729 736 888 804 Henrieus
924 737 1103 824 Stephanus
1138 739 1172 802 in
1207 736 1298 802 Thes.
1335 737 1372 802 L.
1387 733 1430 802 G.
1469 761 1499 804 v.

305 843 578 922 Αὑτετοὶγγελτος
608 843 739 910 laudato
770 843 839 909 loeo
870 844 1094 910 Demosthenis
1127 848 1258 921 „misum
1290 851 1332 908 est
1365 845 1497 931 (inquit)

306 949 466 1021 ε’ύελοντοὶς
496 950 585 1027 addi,
618 973 706 1036 quem
736 951 851 1036 alioqui
883 951 1147 1028 αὐτεπάγγελτος
1181 957 1208 1014 et
1240 951 1395 1026 ἐθελοντὴς
1420 952 1497 1015 idem

305 1056 387 1132 simt;
418 1063 446 1121 et
476 1063 624 1140 mspeotus
651 1079 712 1120 esse
734 1063 834 1140 potest
863 1055 973 1122 coms?
1004 1057 1044 1122 ed
1074 1078 1169 1143 quem
1197 1057 1305 1122 looum
1329 1058 1498 1124 verissime

306 1162 472 1248 adscripsit
505 1162 688 1229 Ludovious
726 1161 869 1227 Dindorf.
915 1163 1029 1241 „Ia'tri
1069 1163 1273 1228 Demosthenis
1311 1183 1413 1248 quum
1448 1169 1498 1230 tot

306 1268 420 1353 repleti
449 1271 513 1334 sint
544 1269 897 1353 impudentissimorum
926 1268 1096 1334 hominum
1127 1269 1370 1344 additamentis,
1393 1270 1497 1334 restis-

305 1376 378 1440 sime
413 1376 455 1439 St.
491 1375 675 1459 sipmifieesee
710 1375 827 1438 videtur
860 1375 1017 1440 delendum
1046 1375 1096 1438 hie
1126 1397 1186 1438 esse
1217 1375 1386 1448 ἒύελοντύς.
1437 1375 1499 1456 Qui

307 1488 385 1545 certe
413 1481 546 1564 copulem
578 1488 643 1544 eret
676 1480 921 1564 interposituros,
956 1488 990 1544 m
1020 1481 1054 1544 νὀι
1084 1481 1233 1544 similibus
1254 1481 1437 1567 synonymis,
1460 1483 1499 1546 de

306 1586 412 1672 quibus
434 1587 599 1673 Dionysius
622 1587 661 1652 de
683 1589 718 1653 vi
739 1586 832 1652 Dem.
859 1610 883 1650 ο.
909 1587 964 1652 eie.
988 1609 1017 1673 p.
1047 1584 1167 1653 1127.”

351 1691 531 1778 Dobraeus,
552 1714 614 1779 quo
630 1714 725 1760 nemo
745 1696 780 1758 in
797 1694 857 1759 hoo
876 1711 991 1781 genere
1011 1693 1136 1756 sentius
1156 1694 1269 1768 cernit,
1290 1691 1375 1757 huno
1387 1691 1496 1758 locum

308 1798 434 1864 silentio
458 1801 645 1864 transmisit.
1229 1799 1234 1804 ’

352 2012 432 2100 Peg.
457 2009 533 2077 248.
561 2009 613 2075 18.
639 2009 742 2084 πόλεις
767 2010 951 2085 Ἐλληνβας
972 2008 1121 2085 “Acteis
1142 2009 1286 2088 οἰναορῶν,
1312 2009 1355 2079 εἰς
1371 2005 1443 2074 “Ac
1464 2008 1495 2073 ii

306 2119 377 2191 τοὺς
408 2117 558 2200 φυγάδας
591 2115 749 2194 κατύγων.
797 2116 901 2182 Nemo
932 2118 1114 2182 Atticorum
1144 2118 1189 2180 sie
1211 2114 1415 2200 loquebatur,
1442 2115 1495 2181 sed

306 2227 382 2297 τοὶς
413 2225 470 2302 μὲν
494 2261 537 2273 —-
561 2226 603 2296 εἰς
634 2225 710 2296 τοὶς
743 2221 774 2288 δέ
807 2227 985 2288 constanter
1015 2242 1124 2287 omnes
1154 2221 1310 2287 dicebant.
1358 2219 1495 2288 Graecu-

305 2333 410 2398 lorum
443 2353 480 2398 ea
508 2335 555 2395 est
578 2332 695 2396 vitiosa
717 2329 867 2402 συνήθεια.
915 2328 1077 2394 Lucienus
1100 2330 1135 2392 in
1158 2327 1366 2409 φευδοσοφιςῑρ
1390 2329 1496 2394 ridens

305 2440 492 2523 imperitum
511 2438 761 2525 grammaticum
783 2456 857 2522 pag.
880 2433 956 2500 554.
979 2429 1063 2505 αὖθις
1081 2433 1236 2499 tissime
1255 2432 1493 2519 (soloecismum),

305 2546 421 2630 inquit.
446 2544 479 2608 οὐ
504 2541 567 2622 γύρ
591 2542 625 2606 σέ
649 2549 732 2622 Φιρμι
757 2541 902 2606 δύνασθαι
927 2549 1137 2614 κατανοῆσαι,
1159 2541 1224 2604 ἐπεὶ
1244 2541 1288 2603 ’Ἄ
1312 2541 1369 2617 μὲν
1393 2535 1495 2618 siole,

301 2647 345 2716 “A
377 2650 403 2714 δ’
435 2651 488 2715 ούκ
519 2647 615 2714 sisio.
641 2685 684 2697 -
708 2649 775 2714 εἰπὲ
806 2647 906 2725 μόνον.
932 2685 974 2696 —-
999 2646 1087 2711 ύλλοὶ
1122 2645 1172 2709 καὶ
1205 2651 1255 2710 νῦν
1287 2645 1494 2714 secessisset

305 2780 376 2836 μοι,
408 2757 445 2821 σὺ
477 2755 503 2822 δ’
534 2758 587 2821 οὐκ
619 2752 726 2834 ἔγνως.
776 2756 810 2818 Si
833 2756 867 2818 in
890 2753 1103 2819 Demosthene
1127 2773 1164 2818 ea
1187 2753 1285 2837 feres,
1309 2760 1421 2818 metato
1443 2775 1494 2817 πο

189 2953 191 2956 Ι
305 2863 384 2928 mime
406 2865 443 2927 de
467 2870 495 2928 te
508 2863 628 2948 sabulo
650 2868 805 2926 momatur.

351 3069 431 3157 Pag.
463 3068 540 3136 248.
570 3068 623 3134 22.
655 3069 779 3152 πότερον
804 3071 942 3151 φανῆναί
964 3093 1034 3136 τινα
1057 3075 1114 3134 τῶν
1138 3069 1294 3144 Ἑλλήνων
1316 3070 1368 3135 τὸν
1390 3075 1494 3136 ταῦτα

306 3174 485 3241 κωλύσοντα
518 3179 628 3262 [ποιεῖν
659 3177 766 3260 αὐτὸν]
791 3178 883 3256 ἐχρῆν
906 3177 923 3252 ἢ
947 3179 1013 3254 μής
1038 3176 1157 3242 Reseea
1179 3176 1353 3262 insipidum
1376 3179 1494 3265 magis·

305 3282 376 3348 telli
399 3282 653 3349 additamentum
677 3305 716 3349 ex
739 3289 807 3351 tam
831 3284 958 3350 ardente
981 3285 1131 3349 oratione.
1179 3281 1336 3349 Similiter
1364 3287 1491 3350 stetim:

305 3390 330 3454 ei
355 3389 385 3454 ii
410 3389 469 3454 ἔδει
493 3389 564 3454 τινὰ
586 3388 699 3455 τούτων
722 3392 858 3465 κωλυτὴν
881 3395 1018 3470 φανῆναι
1042 3388 1105 3453 xri.

353 3597 432 3685 Peg.
458 3597 536 3663 252.
561 3598 614 3664 29.
639 3595 660 3663 ὦ
684 3599 887 3680 βλασφημῶν
906 3601 976 3677 ’περὶ
1002 3601 1075 3678 ἐμοῦ
1104 3597 1169 3686 [καὶ
1193 3598 1308 3683 λέγων]
1331 3603 1367 3673 sie
1393 3607 1493 3666 σιωπῶ

305 3703 362 3782 μὲν
393 3704 522 3781 λαβὼν,
554 3705 616 3784 βοῶ
647 3705 672 3770 δ’
710 3706 884 3778 οὶναλώσας.
916 3707 990 3770 ἀλλ’
1019 3707 1052 3770 ού
1081 3706 1118 3769 σύ
1143 3731 1198 3784 γε,
1224 3706 1311 3772 cittis
1334 3707 1414 3791 βοᾷς
1439 3709 1493 3786 μὲν

301 3811 461 3887 ἘΧΩΝ,
494 3812 609 3878 παύσει
641 3813 671 3877 δὲ
696 3813 857 3890 οὐδέποτε,
882 3813 934 3876 ἐὰν
957 3813 1001 3890 μή
1026 3837 1059 3878 σε
1087 3809 1163 3877 οὗτοι
1189 3812 1345 3880 παύσωσιν
1374 3815 1493 3892 eisted-

305 3939 416 3988 σαντες
438 3919 576 3998 τήμερον.
625 3918 687 3998 Qui
712 3919 836 3985 eddidit
859 3918 909 3982 sal
935 3917 1036 3996 λέγων
1059 3940 1121 3984 non
1146 3917 1307 3984 intellexit
1329 3920 1362 3984 id
1386 3923 1493 4006 ipsum

305 4025 339 4088 in
368 4025 571 4106 βλασφημῶν
602 4027 714 4091 inesse.
763 4024 853 4104 Quod
884 4027 1028 4109 sequitur
1060 4026 1138 4108 βοᾷς
1167 4027 1223 4101 μὲν
1249 4023 1330 4106 ἔχων
1352 4026 1493 4116 intelligi

304 4151 365 4194 non
391 4137 509 4216 potest,
534 4136 566 4196 et
588 4134 684 4217 periit
707 4135 882 4197 necessaria
906 4133 1073 4216 oppositio.
1121 4129 1289 4216 Optimum
1311 4139 1393 4196 esset
1411 4132 1491 4216 βοᾷς

304 4237 360 4312 μὲν
385 4233 486 4312 hiel,
512 4240 625 4303 παύσει
648 4237 680 4304 ti
704 4238 908 4303 οὐδέποτε.

350 4340 441 4421 Quod
472 4344 595 4409 eddidit
623 4343 739 4409 sciolus
764 4344 815 4407 sal
840 4342 959 4422 λε’γων,
984 4345 1094 4411 eodem
1120 4344 1215 4411 modo
1238 4366 1311 4432 pag.
1338 4343 1415 4412 347.
1438 4343 1493 4410 28.

304 4449 337 4518 in
368 4447 529 4514 nonnullis
558 4449 650 4516 libris
679 4449 907 4537 interpolatum
940 4456 988 4516 est
1020 4450 1072 4515 sal
1102 4451 1273 4531 λεγόντων,
1303 4455 1335 4518 et
1357 4452 1392 4516 in
1415 4457 1491 4518 oret.
