3304 5090
866 324 933 394 284

299 516 491 595 μεμνῆσθαι,
526 520 559 580 et
590 517 730 600 ineptius
760 519 858 581 etiam
889 517 985 584 alter:
1019 515 1117 597 ἔρωτα
1147 518 1178 582 δὲ
1209 516 1403 588 παλλακίδος
1436 515 1490 581 καὶ

299 629 487 702 Φιλαργιι
496 621 532 699 ρι’
541 645 586 685 αν
611 622 832 685 ἐπιδείκνυνται
856 624 881 688 οἱ
906 628 1000 703 σι’χοι.
1041 622 1113 688 Ain’
1136 620 1232 688 vero?
1256 618 1491 702 Φιλαργν;θανθ

301 727 327 793 Ο
351 727 486 813 simplex
510 732 542 791 et
566 727 699 791 eandida
723 729 911 812 antiquitas,
937 749 1033 814 quam
1058 728 1140 793 nihil
1163 729 1197 792 hi
1218 729 1362 794 homines
1385 735 1415 794 te
1436 748 1493 792 no-

300 841 412 900 verant
433 839 489 900 aut
508 830 748 920 intelligebant!
774 837 891 919 Aperte
911 833 989 898 olim
1009 841 1083 899 voto
1102 835 1253 900 vivebant
1271 855 1372 918 neque
1389 836 1491 898 simu-

302 939 368 1004 lata
396 940 599 1004 humanitate
630 945 662 1004 et
694 937 855 1026 elegantia
885 959 922 1004 ea
953 960 1033 1023 quae
1062 939 1155 1004 valde
1186 941 1356 1024 cupiebant
1387 941 1493 1024 specie

302 1048 518 1113 recusantium
541 1043 692 1110 volebant
714 1047 874 1129 aspernari
900 1044 1012 1109 videri.
1073 1082 1075 1088 ·

348 1151 439 1216 Iliad.
472 1160 512 1216 n.
539 1147 613 1216 667.
646 1148 789 1235 Apollini
812 1152 949 1234 imperat
971 1149 1093 1236 Iupiter
1115 1152 1216 1215 occiso
1240 1148 1420 1235 Sarpedone
1444 1173 1494 1214 κε-

303 1259 451 1336 λαινεφὲς
483 1250 566 1332 αἷμα
597 1254 724 1332 κύθηρον
751 1293 793 1304 -
818 1259 872 1320 καθ
895 1279 948 1330 μιν
972 1255 1081 1322 ἔπειτα
1106 1260 1211 1320 λοῦσον
1237 1263 1387 1330 ποταμοῖο
1411 1257 1493 1334 ῥοῇσι

303 1365 368 1428 κτὲ.
419 1360 577 1426 Zenodoto
611 1363 718 1425 visum
754 1365 802 1426 est
836 1361 1016 1438 παρούλονον
1050 1362 1101 1426 τὸν
1137 1363 1323 1426 ’ΛΠΕΝΘΗ
1359 1365 1495 1425 τοιαῦτα

303 1469 524 1542 διακονεῖσθαι,
557 1485 655 1550 eoque
685 1464 849 1532 levissimo
880 1474 1070 1554 argumento
1101 1469 1226 1542 η’θέτηκε
1261 1469 1331 1538 τοὺς
1362 1471 1492 1546 τύχους,

303 1595 381 1660 quos
401 1573 603 1639 Aristarchus
622 1573 798 1637 rectissime
818 1575 959 1638 retinuit.
992 1570 1057 1638 Cur
1083 1579 1132 1638 est
1158 1574 1287 1638 tandem
1312 1574 1494 1652 παράλογον

303 1680 488 1766 Apollinem
529 1677 598 1744 lori
640 1679 797 1742 carissimi
831 1677 891 1744 filii
926 1678 1021 1743 funus
1057 1681 1181 1744 curanti
1216 1679 1301 1746 dicto
1335 1699 1402 1746 esee
1437 1699 1496 1744 aa*

306 1781 467 1850 dientem?

349 1887 553 1956 Subridicula
580 1891 741 1955 annotatio
763 1888 885 1978 legitur
908 1891 949 1956 ad
970 1891 1063 1959 iliad.
1089 1900 1129 1956 rt.
1155 1888 1230 1957 747.
1258 1891 1378 1968 „heroes
1401 1911 1497 1976 neque

297 1997 432 2080 piaciluc
462 2001 620 2059 νοσσιιιιθασ
650 2018 743 2080 neque
776 1996 960 2062 votmritos”
995 2000 1124 2062 καθύλοιι
1160 1999 1222 2077 γὰρ
1259 1999 1314 2072 την
1347 1999 1496 2068 τοιούτοιν

303 2110 413 2182 χρῆσιν
445 2101 495 2166 διδ
527 2105 561 2166 sl
592 2103 792 2182 μικροπρεπὲς
826 2107 1042 2187 παρητύσιιτο,
1073 2111 1106 2169 et
1135 2108 1207 2188 post
1234 2120 1351 2187 pauca:
1384 2100 1439 2184 ἔρα
1463 2103 1497 2166 δὲ

305 2203 361 2273 οἷον
386 2204 419 2282 ἦν
442 2208 531 2286 ἰχθὺν
557 2210 709 2285 καθαίρειν
733 2213 783 2274 τὸν
807 2217 862 2283 τῆς
889 2210 1012 2280 Θέτιδος
1037 2212 1054 2284 ἢ
1080 2213 1130 2276 τὸν
1154 2197 1251 2292 ζωμὸν
1273 2208 1368 2286 ἕψειν.
1412 2207 1498 2274 Sunt

304 2315 382 2378 haec
413 2315 564 2394 σατυρικοὶ
597 2318 650 2377 καὶ
683 2315 864 2392 appreciet
895 2316 934 2381 ab
964 2315 1130 2383 Homerici
1153 2317 1303 2382 carminis
1327 2317 1497 2380 maiestate

305 2417 418 2484 aliena.

349 2522 440 2588 iliad.
465 2533 503 2588 Σ.
528 2521 606 2589 591.
644 2523 804 2590 Vulcanus
828 2529 861 2629 ip
885 2526 1021 2593 Achillis
1045 2526 1156 2614 clypeo
1180 2527 1312 2592 chorum
1336 2525 1494 2593 caelavit:

531 2631 573 2708 τῷ
598 2629 697 2694 ἴκελον
720 2628 777 2696 οἷύν
801 2635 870 2697 ποτ’
895 2634 935 2698 ἑνὶ
961 2635 1069 2714 Κνωσῷ
1094 2633 1191 2713 εύρεθη

533 2737 689 2807 Δαίδαλος
716 2737 858 2813 ἤσκησεν.

302 2840 431 2906 fuerunt
475 2838 622 2904 nonnulli
664 2844 720 2926 qui
755 2847 959 2930 opinarentur
993 2843 1155 2922 δύσφημον
1192 2840 1266 2909 εἶναι
1302 2848 1427 2921 μᾶλλον
1464 2843 1495 2910 δὲ

304 2949 509 3012 'Asseeuee
550 2945 706 3024 Ἥφαιςον
748 2955 886 3027 μιμητὴν
924 2953 1062 3029 γίνεσθαι
1099 2957 1158 3016 τῶν
1194 2949 1351 3014 Δαιδάλου
1386 2949 1491 3029 ἔργοιο.

302 3051 413 3138 Itaque
454 3072 547 3137 opem
589 3051 655 3118 Deo
690 3053 823 3122 ferentes
857 3060 993 3122 minima
1027 3058 1235 3122 necessariam
1270 3076 1327 3141 pro
1360 3051 1418 3119 clav
1455 3057 1494 3122 de

305 3181 362 3225 suo
390 3154 447 3223 οἷον
479 3158 633 3223 dederuut
664 3167 697 3224 et
728 3182 854 3227 omnem
886 3161 947 3228 loci
970 3163 1229 3247 compositionem
1253 3159 1346 3245 plane
1369 3182 1505 3246 perver.

305 3271 422 3331 terunt.

350 3370 399 3435 En
428 3367 529 3434 simili
559 3369 715 3452 opinionis
748 3393 849 3439 errore
880 3372 1057 3438 Zenodotus
1092 3374 1232 3457 corrupit
1262 3369 1369 3437 locum
1400 3370 1493 3436 Iliad.

307 3485 346 3542 Δ.
371 3475 430 3563 88,
453 3475 511 3540 ubi
533 3473 680 3542 Minerva

792 3585 901 3664 Τρύοιν
924 3583 1102 3650 κατεδύσεθ’
1126 3579 1231 3658 ύμιλον

475 3692 632 3778 Πάνδαρον
655 3690 788 3758 ύντύθεον
813 3690 955 3774 διζημένη
978 3689 1007 3756 cl
1028 3712 1087 3754 σον
1110 3689 1239 3771 ἐφεύροι.

486 3795 552 3880 εὗρε
576 3803 728 3872 Λυκάονος
755 3797 815 3863 vida
839 3796 988 3876 ύμύμονού
1011 3820 1047 3862 τε
1071 3797 1212 3877 κρατερθν
1237 3817 1272 3859 τε

488 3905 615 3974 irrora.

350 4013 523 4099 Indignum
546 4012 705 4079 Zenodoto
727 4013 832 4078 risum
854 4009 946 4076 deam
966 4007 1184 4074 immortalem
1204 4005 1317 4070 acccire
1334 4004 1392 4070 ubi
1413 4012 1497 4070 esset

305 4120 478 4184 Pandarus.
525 4118 635 4204 Itaque
670 4119 707 4182 dc
741 4139 793 4180 ειιο
827 4115 932 4180 dedit:
971 4115 1124 4192 Πούνδαρον
1159 4115 1292 4176 οὶντίθεον
1328 4109 1496 4190 διζημένη·

306 4225 393 4303 εύρε
427 4227 464 4289 δὲ
498 4227 613 4289 τύνδε
644 4229 783 4290 'errare
816 4227 849 4287 et
875 4243 922 4286 vs.
948 4219 1001 4284 89.
1026 4220 1180 4304 expunxit
1204 4218 1293 4282 δοκῶν
1317 4218 1497 4294 ἀνθρώπινον

305 4331 340 4398 σύ
374 4331 475 4412 ζητεῖν
506 4327 594 4396 εἶναι.
642 4328 815 4394 Subridens
847 4327 1012 4392 annotavit
1038 4323 1258 4388 Aristarchus:
1282 4320 1496 4387 καταλέλοιπε

306 4439 337 4504 δὲ
359 4437 394 4501 cl
418 4435 628 4520 διζημένη,
653 4455 767 4521 nempe
786 4434 846 4500 hoc
863 4452 989 4518 quoque
1007 4429 1184 4511 ύνθρύπινον
1203 4431 1271 4495 erat
1286 4432 1318 4494 et
1336 4430 1371 4494 in
1390 4427 1494 4496 Deam
