3308 5090
861 271 904 360 tt

293 507 373 564 μενα
402 487 486 550 inter
508 504 542 550 ss
564 484 709 570 oppositu
737 487 828 566 suut,
860 480 997 566 111ἔργα
1023 480 1175 570 (πράξεις)
1201 486 1233 546 11
1256 479 1361 558 λόγοι,
1387 485 1445 544 ut
1476 477 1524 542 in
1631 503 1632 510 ι

300 591 401 678 θἀρόι
424 589 500 656 695.

339 697 378 763 σὺ
398 697 429 762 δὲ
448 694 623 778 χασκάζεις
643 696 699 770 την
711 695 905 775 κωλακρέτην
913 744 922 775 ,
935 696 970 762 τθ
983 696 1014 760 δὲ
1027 694 1237 776 πραττόμενόν
1249 720 1284 759 σε
1298 693 1455 768 λέληθεν.

339 803 377 870 lu
406 803 525 868 ultime
550 805 640 887 purte
671 801 735 867 loci
762 801 958 868 vocabulum
994 803 1207 868 necessarium
1236 803 1341 886 periit.
1388 797 1517 865 Nihil

295 915 344 975 est
374 911 461 974 enim
492 909 560 988 ὀρῶν
593 907 664 986 ὑμῖν
693 909 814 989 χιλόονσ
845 910 981 983 ἱππέας,
1015 909 1118 973 uidem
1139 909 1221 972 uobis
1247 907 1330 970 mille
1352 906 1512 992 equites,

294 1017 361 1079 imo
383 1034 458 1082 vero
481 1036 542 1078 esee
572 1019 604 1079 11
623 1011 724 1085 όντας.
770 1011 882 1099 Neque
903 1019 1012 1080 tumen
1034 1014 1094 1080 hoe
1115 1013 1185 1079 loeo
1204 1015 1417 1098 participium
1450 1031 1514 1076 re·

294 1121 477 1207 ponendum
509 1139 575 1186 esse
608 1140 718 1186 censeo
746 1119 801 1185 sed
830 1121 865 1185 in
896 1119 958 1186 11111
986 1122 1160 1187 sententiae
1191 1122 1253 1184 sie:
1280 1122 1429 1189 -ναῦς
1469 1115 1509 1180 δὲ

295 1227 472 1308 τριακοσίας
496 1233 634 1291 OTCAC
657 1227 718 1306 οὐχ
745 1221 820 1302 ι’ἱξει.

340 1439 421 1527 Peg.
447 1435 567 1504 18116.
592 1436 795 1502 scribendum
814 1458 853 1502 11
871 1435 894 1503 S
915 1443 947 1504 et
965 1437 1120 1526 Dionysio
1139 1435 1301 1502 Haliusm.
1323 1434 1418 1500 Tem.
1436 1433 1505 1500 VI.

295 1565 370 1632 pag.
395 1541 472 1609 947.
496 1537 555 1607 ὅσα
578 1545 634 1620 μὲν
656 1543 770 1609 πώποθ’
794 1541 934 1617 θταντες
958 1549 1033 1626 (nou
1057 1543 1197 1616 ἅπαντες
1222 1542 1323 1629 ὑμεῖς)
1349 1542 1503 1620 ἠβουλή-

297 1652 385 1735 θητε,
410 1654 442 1715 11
464 1655 659 1736 postpauca
681 1649 894 1732 ἀπεβλέψατε
921 1658 986 1715 ele
1010 1651 1086 1737 (nou
1106 1649 1191 1736 πρὸς)
1220 1649 1389 1725 θλλιὶλονσ.

342 1849 424 1950 Peg.
450 1858 525 1927 185.
550 1861 582 1927 2.
606 1863 698 1942 Sunt,
729 1865 835 1949 inquit
846 1911 855 1942 ,
886 1862 1012 1928 Athenis
1035 1862 1168 1930 divitiae
1191 1865 1354 1950 ingentes:
1379 1866 1500 1926 ταῦτα

299 1967 327 2034 δ’
353 1970 378 2035 οἱ
402 1967 579 2045 κεκτημένοι
603 1974 734 2034 τοιοῦτον
754 1967 860 2049 ἓχονσι
884 1974 950 2033 νοῦν
975 1966 1026 2037 ὥτ’
1051 1971 1076 2034 ei
1100 1969 1216 2042 σαντες
1240 1969 1265 2032 οἱ
1291 1965 1410 2033 ἐνταυθὶ
1435 1966 1499 2032 λέ·

299 2098 407 2155 γοντες
427 2075 555 2158 φοβοῖεν
576 2077 614 2148 ὡς
635 2073 698 2152 ἥξει
717 2075 890 2154 βασιλεύς,
915 2077 953 2147 ὡς
974 2074 1112 2158 τόρεςιν,
1132 2077 1171 2147 ὡς
1192 2075 1251 2156 οὐχ
1264 2069 1323 2140 οἶόν
1342 2097 1377 2139 τε
1393 2075 1496 2138 ταῦτ’

300 2179 406 2248 ἄλλως
441 2180 544 2263 ἔχειν,
582 2181 635 2246 καῖ
667 2182 752 2259 μετόι
783 2188 841 2248 τῶν
880 2179 1033 2258 λεγόντων
1064 2181 1121 2246 θσοι
1153 2180 1186 2245 τὸ
1222 2182 1336 2255 πλῆθος
1367 2177 1495 2250 τούτοις

298 2286 507 2369 χρησμῳδοῖεν
529 2285 662 2374 (optime
680 2285 797 2352 Reiske
821 2286 1015 2369 χρησμῳδοῖ,
1038 2287 1313 2371 111111111Φοβοῖεν)
1337 2285 1370 2352 οὐ
1397 2283 1495 2361 μόνον

299 2394 354 2458 οὐκ
384 2391 422 2459 θον
453 2391 659 2470 εἰσενέγκαιεν
692 2392 768 2457 ἀλλ’
800 2393 861 2457 οὐδ’
892 2391 930 2458 θον
962 2392 1091 2470 δεόξαιεν
1118 2392 1177 2458 οὐδ’
1201 2392 1239 2457 όιν
1263 2393 1494 2470 ὁμολογήσαιεν

301 2499 477 2572 κεκτῆσθαι.
522 2497 649 2564 Ultima
670 2519 742 2584 pers
765 2498 828 2564 loei
851 2519 949 2584 greve
972 2498 1090 2564 vulnus
1114 2501 1252 2584 sucepit,
1277 2499 1331 2564 sed
1347 2495 1494 2562 sanabile

300 2609 417 2669 temen.
465 2602 585 2670 'Paceni
614 2603 804 2689 Interpretes
834 2608 925 2691 quasi
955 2608 1063 2670 omniu
1085 2604 1180 2690 plana
1200 2610 1233 2669 et
1255 2606 1421 2689 perspicua
1445 2623 1495 2666 es·

302 2715 382 2775 seut.
429 2709 507 2789 Quis
530 2730 605 2776 vero
628 2710 714 2775 diest
736 2710 813 2796 quid
834 2712 886 2799 sit·
901 2711 960 2776 οὐδ’
985 2709 1023 2776 θιν
1047 2706 1226 2790 Δεῐξαιειῖ
1257 2709 1342 2789 Quid
1362 2703 1493 2774 multa?

301 2813 409 2880 Satius
433 2824 481 2880 est
504 2818 614 2880 stetim
638 2813 750 2881 tollere
779 2816 943 2882 mendum.
990 2813 1235 2884 confunduntur
1258 2817 1341 2880 iuter
1364 2835 1397 2879 se
1420 2833 1492 2898 pse

301 2922 363 2986 sim
387 2919 481 2997 δόξειν
505 2959 548 2970 -
572 2919 697 3000 δείξειν,
723 2919 812 3001 ἔδοξα
837 2961 878 2971 -
904 2921 1026 3000 ἔδειξα,
1051 2922 1193 3003 δεδόχθαι
1214 2959 1257 2971 -
1278 2920 1433 2999 δεδεῖχθαι
1459 2922 1494 2984 et

301 3031 374 3094 sim.
417 3027 599 3095 sexcenties
629 3030 663 3094 id
694 3029 778 3093 mihi
808 3031 843 3093 iu
873 3028 964 3094 libris
987 3027 1066 3093 Mss.
1091 3030 1295 3094 observatum
1319 3032 1367 3092 est
1390 3027 1492 3090 etium

301 3134 385 3218 apud
407 3133 666 3202 Demosthenem.
703 3131 769 3201 Off
783 3135 853 3200 Ver.
881 3136 975 3200 lectt.
1000 3154 1073 3220 pag.
1100 3132 1177 3198 125.
1223 3133 1292 3199 lum
1319 3132 1377 3198 lux
1400 3130 1491 3198 efful-

299 3245 368 3326 get:
402 3237 520 3314 δόξαιεν
551 3238 780 3306 Demosthenes
806 3241 946 3318 dixerut,
979 3260 1041 3305 uou
1064 3240 1205 3318 δεῖξαιεν.
1251 3239 1371 3305 Eadem
1395 3257 1491 3324 opere

301 3350 456 3411 corrector
478 3350 604 3410 tenetur
627 3346 746 3412 fraudis
769 3348 967 3412 manifestus.
1014 3345 1131 3411 Fuerat
1152 3344 1248 3411 olim:
1273 3347 1306 3410 οὐ
1326 3342 1416 3421 μόνον
1435 3346 1489 3408 οὐκ

301 3451 340 3517 θον
363 3452 569 3529 εἰσενέγκαιεν
593 3453 668 3516 αλλ’
692 3452 753 3517 οὐδ’
778 3452 816 3518 θον
837 3451 953 3528 δόξαιεν
979 3453 1155 3528 κεκτῆσθαι.
1204 3450 1288 3531 Quid
1310 3451 1417 3515 notius
1441 3452 1490 3512 est

300 3577 397 3643 quum
428 3558 461 3622 οὐ
493 3558 589 3622 δοκεῖν
618 3578 675 3644 pro
697 3559 913 3624 dissimulare?
950 3581 1030 3638 ,νιοιι
1054 3565 1168 3622 tuntum
1190 3555 1322 3644 (iuquit)
1347 3557 1490 3619 tributum

301 3685 361 3726 ιιοιι
383 3664 555 3748 conferrent
578 3665 737 3729 sedetiam
761 3687 828 3750 opes
850 3688 920 3730 uuus
943 3663 1193 3728 dissimularent?
1239 3661 1398 3746 Pauperes
1422 3681 1489 3725 esse

301 3789 335 3834 se
358 3767 519 3856 fingebant
542 3774 574 3833 11
597 3771 719 3836 tributo
742 3771 869 3837 ferendo
892 3791 955 3837 non
978 3791 1057 3836 esse.
1090 3769 1225 3834 Festum
1249 3773 1297 3833 est
1315 3771 1353 3832 ut
1371 3765 1489 3844 δόξαιεν

300 3877 334 3939 iu
365 3874 495 3952 δεόξαιεν
525 3881 721 3942 mutaretur:
753 3877 866 3943 deinde
896 3877 1002 3942 neseio
1030 3878 1102 3962 quis
1133 3875 1256 3940 eddidit
1286 3872 1479 3939 desueuit

300 3979 340 4046 θν
362 3978 596 4058 όμολογιὶσαιεν.
673 3993 676 4000 ’

344 4191 515 4281 Pag.186.
537 4192 569 4262 6.
593 4190 658 4260 οἶδε
678 4194 734 4272 μὲν
755 4195 819 4275 γόορ
833 4196 900 4281 (rex
922 4195 1311 4280 Ρ1111111111)Δ1Ακοσιάις
1332 4193 1488 4273 τριήρεσιν,

302 4295 339 4364 ὧν
364 4299 473 4364 ἑκατόν
496 4300 708 4382 παρεσχόμεθ’
741 4302 846 4378 ἡμεῖς,
873 4302 942 4375 τοὺς
967 4300 1128 4382 προγόνους
1153 4301 1248 4366 αὐτοῦ
1272 4301 1383 4381 χιλόας
1412 4298 1484 4362 οῖοτο·

302 4405 459 4479 λὲσαντασ
483 4413 577 4484 ναῦς,
602 4407 771 4472 οὶκοθσεται
794 4406 825 4473 δὲ
849 4409 1050 4481 ΤΡ1ακοσόαο
1076 4408 1188 4479 αὐτοὺς
1213 4410 1296 4486 ἡμᾶς
1322 4409 1374 4470 νῦν
1397 4427 1487 4483 ταρε-
