3304 5090
356 533 486 612 ”Αρβι.,
513 531 588 601 720.
976 527 1207 609 Μωμέωφεως,
1232 525 1308 593 803.

370 639 617 721 Βριτομοὶροεως,
643 636 718 702 479.
977 638 1246 716 Ποιλοιιοκῆψεως,
1271 631 1348 700 603.

372 746 524 829 Δέρρεως,
549 743 602 810 82.
976 746 1141 828 Σκῆψεως,
1166 740 1241 806 552.

371 851 579 928 Ζωμόλξεως,
605 849 681 916 304.
976 848 1112 927 Συβάρει
1138 847 1207 932 (elii
1230 845 1374 926 σωβοέρι),
1398 845 1479 912 254.

369 956 584 1036 Καράμβεως,
611 957 686 1023 546.
974 955 1098 1034 Τιβέρει
1122 953 1190 1038 (alii
1205 953 1336 1040 τιβερι),
1350 953 1427 1021 227.
1441 951 1524 1020 234.

369 1064 519 1144 Μέμφει,
546 1061 623 1129 473.
972 1062 1143 1141 Τιβέρεως,
1168 1059 1244 1126 226.

368 1171 546 1254 Μέμφεως,
571 1167 647 1234 803.
971 1169 1097 1249 Tipasa,
1123 1165 1199 1234 738.
1221 1237 1223 1242 ,

367 1279 430 1359 Qui
460 1277 658 1364 Stephanum
691 1277 906 1364 Byzantinnm
939 1299 1012 1342 oum
1046 1269 1202 1342 Strabone
1226 1295 1407 1361 comparare
1429 1275 1523 1342 volet

320 1383 413 1451 facile
442 1384 672 1450 animadvertet
703 1385 818 1448 bonam
843 1391 967 1468 partem
990 1384 1179 1448 mendorum
1204 1382 1425 1447 huiuscemodi
1447 1385 1518 1447 iam

319 1494 354 1556 in
384 1492 614 1556 vetustissimis
645 1489 736 1555 libris
760 1511 827 1555 esse
848 1499 1025 1576 repertam,
1048 1510 1149 1574 neque
1172 1490 1302 1553 doctum
1325 1491 1520 1576 grammati-

320 1617 394 1662 oum
424 1595 527 1661 ullam
557 1597 591 1659 in
623 1595 743 1662 talibus
774 1595 954 1684 analogiam
987 1595 1260 1661 animadvertisse.
1308 1593 1406 1680 Saepe
1429 1615 1519 1660 eom-

319 1706 477 1767 memorat
507 1701 561 1772 τῆν
595 1701 726 1774 Ἰωνικῆν
750 1706 892 1778 νενικῆν,
917 1709 1001 1768 recte
1026 1708 1136 1768 monet
1158 1723 1190 1766 v.
1215 1699 1348 1776 Μέμφις
1372 1700 1516 1766 κλίνεται

320 1808 485 1885 Μέμφιδος
522 1807 573 1870 κον)
606 1808 773 1885 Μέμφιος,
807 1808 862 1874 sed
893 1811 1009 1874 vitiose
1033 1809 1121 1873 dedit
1143 1831 1175 1874 v.
1196 1808 1354 1888 Ἀμοιςρις
1379 1806 1516 1884 stand-

318 1937 410 1993 ςρεως
437 1913 537 1996 κλίνει
563 1915 735 1992 Στράβων,
760 1933 833 1978 uam
859 1915 920 1979 sibi
944 1917 1011 1999 ipse
1035 1917 1145 1979 statim
1169 1913 1352 1999 obloquitur
1375 1913 1515 1979 addens:

317 2023 352 2084 τὸ
385 2018 493 2083 ἑθνικὸν
526 2020 734 2098 ’spectante
759 2021 829 2089 -cte
856 2023 1019 2090 Κάλλωτις
1046 2020 1254 2085 ΚωλλῶτΙΟΕ
1278 2020 1514 2091 Καλλατιανός.

318 2131 350 2191 et
380 2148 409 2191 v.
446 2127 607 2196 Κοὶλιιοιτις
642 2131 893 2198 -Κκλλοιτιοονός
925 2126 988 2190 ἀπὸ
1013 2137 1067 2202 τῆς
1093 2131 1224 2198 Ἰωνικῆς
1248 2134 1372 2204 γενικῆς
1396 2128 1513 2204 γέγονε

316 2241 372 2306 τῆς
404 2233 622 2297 ΚωκλοὶτΙΟΕ.
669 2232 779 2317 ltaque
814 2233 1018 2314 Ἀμιιςριοινός
1051 2253 1175 2319 quoque
1205 2233 1334 2311 γέγονεν
1365 2232 1429 2297 aial
1454 2241 1512 2307 τῆς

316 2343 449 2412 Ἰωνικῆς
473 2347 595 2418 γενικῆς
621 2339 826 2419 ἈμοὶςρῙΟΕ.

424 2551 592 2619 Adiectiva
613 2553 791 2637 possessiva
812 2554 848 2616 in
872 2588 891 2602 -
907 2561 1003 2618 eloe
1025 2555 1060 2617 iu
1084 2588 1104 2601 -
1117 2560 1187 2617 [oc
1210 2553 1389 2637 depravata

360 2735 409 2802 bix
432 2735 615 2802 nominibus
637 2735 772 2821 propriis
795 2738 829 2800 iu
854 2772 873 2786 -
888 2744 942 2800 OC
963 2741 995 2801 et
1016 2773 1035 2785 -
1050 2744 1103 2800 HC
1122 2734 1312 2801 exeuntibus
1328 2734 1510 2800 formantur

317 2841 448 2916 κτῆτικοὶ
471 2845 504 2906 in
530 2865 618 2908 -ειος
640 2840 845 2906 inumerabili
865 2841 1091 2924 multitudine,
1111 2848 1149 2906 ut
1167 2842 1304 2921 Ὅμηρος
1325 2842 1508 2918 Ὀριῆρειος,

315 2948 448 3014 Ἠσίοδος
473 2945 656 3020 ‘heritarum
681 2951 867 3032 praesertim
889 2951 923 3013 in
946 2949 1129 3013 nominibus
1152 2947 1331 3014 scholarum
1354 2955 1386 3012 et
1406 2961 1510 3012 aeota·

314 3075 385 3120 rum
434 3055 664 3134 Ἀριςοέρχειοο,
710 3055 954 3134 ’Λριςοφοένειος,
999 3054 1257 3136 Κκλλιρκοὶχειος,
1302 3055 1509 3129 Κρατήτειος,

316 3161 510 3239 Θεοδωρειος,
535 3163 811 3240 ’Λιινλλοδώρειος,
836 3166 1056 3244 Ἡροφίλειος,
1074 3163 1337 3244 Ἐροιοιςροὶτειος,
1364 3158 1510 3224 Ἐπικού-

315 3292 408 3347 ρειος,
433 3273 464 3332 et
489 3266 565 3352 quid
589 3264 670 3331 nou?

360 3373 489 3439 Habent
517 3374 577 3438 hoo
608 3374 728 3439 scribae
757 3373 913 3440 librorum
940 3377 1127 3460 praesertim
1151 3376 1446 3460 antiquissimorum
1469 3378 1510 3438 ut

315 3482 349 3544 in
373 3480 424 3544 his
447 3499 504 3565 pro
527 3517 546 3530 -
563 3488 658 3544 eloe
683 3481 879 3545 substituant
903 3517 922 3530 -
936 3490 1017 3546 loc,
1053 3481 1092 3546 In
1111 3481 1266 3546 Athenaei
1286 3479 1401 3546 Codice
1421 3478 1510 3545 Mar-

314 3588 405 3652 ciano
435 3591 618 3672 pervetusto
648 3593 815 3650 eorralanler
844 3585 965 3675 legitur
996 3588 1228 3663 Ἀριςοφοένιος,
1264 3585 1508 3666 Κωλλιριοέχιος,

316 3693 501 3768 Ἐπικούριος
526 3694 599 3756 sim.
647 3691 767 3756 Eadem
791 3691 878 3758 labes
902 3692 1067 3760 Strabonis
1089 3693 1188 3761 libros
1207 3695 1327 3758 iniecit.
1363 3693 1509 3760 Enlitores

315 3819 406 3884 saepe
441 3797 628 3881 emendant,
662 3801 787 3883 saepius
822 3801 920 3864 etiam
954 3797 1193 3865 inemendatum
1228 3798 1420 3884 relinquunt.
1469 3799 1508 3864 ln

315 3902 506 3971 Callimachi
537 3905 769 3991 epigrammate
804 3905 924 3981 ῆμῆριον
959 3907 990 3971 δὲ
1027 3911 1185 3982 κοικεῦμοιι
1222 3907 1363 3983 rpeiam
1397 3905 1508 3972 sedulo

315 4012 474 4088 Ὀμῆρειον
506 4017 682 4102 reponunt,
709 4031 766 4074 ueo
797 4017 931 4096 parcunt
961 4011 1081 4076 formae
1112 4011 1294 4088 ἐπικούροις,
1328 4013 1355 4076 si
1382 4012 1507 4096 quaudo

315 4118 461 4183 occurrit.
518 4113 581 4180 Sed
623 4114 705 4179 nihil
739 4116 819 4181 mali
853 4119 1054 4202 suspieentur
1088 4119 1121 4182 in
1157 4116 1290 4189 πόλεμος
1326 4117 1508 4198 nazareae,

318 4221 419 4288 itera
454 4218 585 4298 Σέξτιος,
618 4223 718 4298 μέτρω
750 4222 915 4298 bertana.
947 4223 1150 4303 ’Λτροιιοὶτιος
1175 4224 1300 4300 Mutia,
1327 4226 1508 4307 (μνῆμκτοι)

318 4328 480 4406 naalma,
513 4327 647 4393 Ἰοισδνικ
679 4330 753 4394 sim.
786 4337 842 4396 aut
872 4333 906 4395 in
938 4330 1100 4409 Ἀροοίκιος
1132 4351 1171 4395 ex
1198 4330 1351 4408 Ἀρσάκης
1375 4330 1509 4417 aliisque

317 4438 356 4502 de
385 4455 500 4526 genere
530 4435 590 4502 hoc
622 4438 787 4502 sexcentis.
835 4433 918 4502 Sunt
948 4441 1055 4504 tamen
1080 4439 1187 4502 omnia
1208 4437 1286 4502 haee
1308 4437 1437 4525 perinde
1459 4440 1509 4504 vi·
