3304 5090
301 547 383 606 τερος
417 523 529 606 ὑπῆρξε
560 523 713 603 πόλεμος·
737 524 838 605 τρίτον
864 523 895 589 δέ
918 523 971 590 καί
996 522 1142 604 τέταρτον
1164 523 1295 600 συτῆνοιί
1316 527 1435 606 φασιν,
1461 522 1493 586 έν

301 626 321 712 ᾧ
347 631 565 707 κατελύθησαν
588 631 699 702 τελέως
723 633 749 696 oi
765 626 944 709 Μεσσήνιοι.
981 630 1088 718 Negat
1105 629 1280 696 Kramerus
1301 629 1493 698 Strabonem

299 740 461 824 scripsisse
491 737 628 810 Ἠλείους
660 743 691 803 et
722 743 872 823 mpeart
900 759 933 804 se
963 737 1043 802 dieit
1068 760 1140 820 „pro
1166 738 1303 810 Ἠλείους
1323 739 1493 824 antiquam

300 845 442 928 εσνιριαικ
464 845 571 930 βαεκερ
601 843 785 925 Ἀρκάδας.”
820 842 1035 912 Oorreetiones
1069 843 1290 909 huiuscemodi
1322 864 1386 910 non
1415 848 1494 908 sunt

300 951 368 1016 ullo
398 950 494 1017 modo
517 950 749 1028 admittendae,
774 972 813 1016 ne
836 971 886 1017 ars
909 947 1028 1016 Oritiea
1050 951 1085 1016 in
1107 949 1356 1028 ματαιοτεχνίαν
1379 950 1491 1028 abeat,

300 1061 520 1143 praeterquam
542 1059 576 1122 in
599 1058 640 1121 iis
660 1054 751 1141 loeis,
773 1056 831 1122 ubi
848 1059 1051 1142 perspicuum
1070 1059 1103 1119 et
1121 1054 1254 1140 planum
1275 1061 1323 1122 est
1340 1055 1490 1123 hennam

299 1165 415 1230 veteris
445 1161 521 1227 iibri
551 1183 570 1228 a
600 1161 696 1227 seiolo
730 1165 836 1248 inepte
867 1182 934 1227 esse
964 1159 1144 1247 supplet-am
1169 1161 1208 1227 de
1229 1181 1303 1241 suo;
1328 1164 1418 1228 ouius
1442 1165 1492 1228 rei

300 1268 464 1354 complura
483 1267 629 1354 exempla
648 1289 687 1333 ax
705 1267 832 1334 Stobaei
852 1269 1014 1349 Floritepio
1033 1267 1236 1353 protuiimus.
1268 1267 1307 1334 Iu
1326 1267 1492 1335 Strabonis

299 1374 368 1440 loeo
399 1374 526 1440 nullum
557 1378 605 1440 est
639 1374 735 1439 huius
769 1375 889 1441 fraudis
922 1377 1108 1462 vestigium.
1155 1377 1296 1460 Apparet
1332 1374 1490 1457 ’λρκάδας

300 1481 541 1547 commemorari
565 1479 693 1556 debere,
718 1481 772 1546 sed
798 1481 936 1553 Ἠλείους
955 1482 1135 1547 retinendos
1155 1501 1221 1546 esse
1242 1501 1361 1547 censeo.
1397 1481 1489 1561 Quod

302 1607 364 1672 quo
394 1585 524 1652 facilius
549 1586 680 1670 probem
703 1587 845 1654 refutabo
869 1589 1011 1673 primum
1034 1587 1181 1652 Krameri
1204 1591 1409 1676 argumente,
1434 1586 1488 1654 vel

300 1695 407 1779 potins
439 1695 553 1776 testes,
585 1711 663 1776 quos
686 1693 852 1778 produxit,
877 1692 1048 1758 destruam.
1090 1693 1230 1771 „Etetrim
1251 1695 1381 1781 (inquit)
1399 1693 1489 1758 Eleos

300 1798 546 1864 lacedemonios
564 1798 617 1861 doe
636 1798 699 1881 ipso
719 1799 794 1864 belo
813 1799 962 1863 αιίίυυίιεο
979 1805 1041 1882 ipae
1059 1805 1166 1862 narrat
1187 1821 1279 1882 supra
1297 1820 1370 1887 pag.
1392 1797 1487 1864 355?

301 1901 338 1969 Si
368 1903 428 1968 hoe
458 1923 570 1969 verum
598 1908 646 1967 est
669 1923 763 1969 causa
786 1905 893 1970 eeeidi.
940 1903 1117 1970 Audiamus
1140 1907 1379 1971 testimonium:
1402 1906 1487 1971 συνέ-

301 2007 423 2092 πραξαν
441 2007 472 2073 δὲ
491 2009 543 2073 καί
564 2009 590 2073 oi
608 2009 844 2088 Λακεδαιμόνιοι
863 2011 938 2097 (τοῖς
953 2009 1097 2098 Ἠλείοις)
1110 2011 1195 2089 μετά
1207 2013 1262 2086 την
1273 2013 1487 2078 'sch'rHN

302 2118 478 2182 κατάλυσιν
506 2121 563 2180 τῶν
590 2115 770 2189 Μεσσηνίων
798 2118 1047 2198 σνμμαχιίσασιν
1071 2117 1188 2189 αὐτοῖς.
1216 2153 1257 2164 -
1283 2117 1335 2182 καί
1361 2119 1411 2184 ε’πδ
1436 2143 1487 2184 το·

301 2222 407 2288 σοῦτίν
431 2247 470 2302 με
495 2219 687 2303 συνέπραξαν
709 2219 768 2291 diss
787 2221 842 2297 τίρν
860 2225 964 2303 χώραν
985 2219 1115 2298 άπασαν
1134 2224 1189 2297 τὴν
1208 2223 1303 2303 μέχρι
1323 2226 1488 2301 Μεσσήνης

301 2330 428 2396 Ἠλείαν
459 2332 580 2410 ρἠίΐηνιιι
609 2328 661 2394 καί
695 2327 849 2405 διαμεῖναι
882 2330 975 2410 μέχρι
1007 2335 1075 2406 νῦν,
1107 2336 1250 2394 Πισατῶν
1279 2330 1310 2394 δὲ
1341 2368 1382 2379 -
1415 2331 1486 2406 μηδ’

300 2435 395 2514 ὄνομα
425 2439 598 2514 λειφθῆναι.
645 2433 730 2500 Satis
761 2440 809 2500 est
842 2456 1027 2522 componere
1062 2434 1168 2501 losum
1200 2433 1364 2502 Strabonis
1392 2458 1489 2524 supra

302 2542 495 2627 descriptum
526 2540 564 2606 de
588 2540 671 2606 bello
694 2547 812 2627 quarto,
838 2543 868 2605 έν
891 2537 912 2622 ᾧ
937 2540 1152 2614 κατελύθησαν
1174 2547 1287 2614 τελέως
1310 2544 1335 2608 οἱ
1358 2546 1485 2614 Μεσσά-

300 2672 371 2725 νιοι,
397 2653 434 2711 nt
457 2647 565 2712 videas
588 2668 607 2712 a
629 2647 785 2714 Kramero
807 2647 957 2714 confundi
980 2653 1140 2732 tempora,
1165 2653 1197 2713 et
1220 2649 1304 2733 quod
1326 2651 1359 2712 in
1382 2651 1488 2716 κίιίικυ

299 2752 384 2820 bello
406 2752 527 2818 fastum
552 2759 633 2819 esset
656 2754 876 2819 aduocandum
899 2755 1017 2819 referri.
1064 2753 1226 2820 Ponamus
1248 2757 1390 2840 primum
1414 2755 1487 2820 dili-

299 2863 413 2947 genter
441 2861 539 2944 primi
569 2879 605 2924 aa
625 2861 755 2924 secundi
777 2859 856 2926 belli
878 2860 1010 2924 initium
1033 2880 1069 2925 ae
1091 2857 1199 2926 finem.
1247 2859 1396 2925 Primum
1420 2860 1487 2927 bel·

299 2964 368 3030 lum
399 2971 563 3050 peractum
594 2971 642 3030 est
666 2963 726 3029 ἔτει
750 2966 856 3045 πρώτῳ
880 2972 934 3038 τῆς
958 2964 1108 3047 τετάρτης
1132 2965 1183 3030 καί
1209 2966 1341 3042 δεκάτης
1366 2967 1487 3046 Ὀλυμ-

301 3068 406 3140 πιάδος
427 3068 576 3153 (Pausan.
594 3069 647 3135 IV.
671 3067 723 3134 1³.
738 3070 782 3154 7.)
793 3076 923 3158 gestum
935 3091 991 3156 per
1003 3091 1099 3137 annos
1110 3071 1184 3136 XX.
1196 3073 1282 3136 Audi
1293 3070 1485 3160 Tyrtaeum:

481 3176 585 3257 Ἀμφ“
610 3177 706 3252 αὐτην
732 3177 758 3241 δ’
782 3178 934 3258 ἐμάχοντ’
959 3176 1043 3241 ἐννέα
1065 3177 1118 3242 καί
1143 3175 1204 3243 δέκ’
1228 3175 1281 3252 έτη

436 3282 611 3361 νωλεμέως,
637 3282 696 3348 αίεί
721 3284 940 3364 ταλασίφρονα
964 3283 1055 3361 ίυμδν
1076 3281 1200 3364 ἔχοντες

480 3387 638 3468 αἰχμηταὶ
664 3387 803 3469 πατέρων
826 3389 977 3468 ἡμετέρων
1001 3389 1143 3468 πατέρες.

436 3494 540 3573 sisset]
563 3493 590 3558 δ’
614 3494 641 3559 οἱ
664 3495 720 3572 μέν
743 3494 828 3560 κατά
851 3495 941 3560 πίονα
966 3492 1044 3575 ἔργα
1067 3493 1208 3570 λιπίντες

476 3603 594 3681 φεῦγον
618 3601 784 3678 Ἰθωμαίων
807 3601 841 3665 ἐκ
863 3600 1013 3679 μεγάλων
1037 3599 1134 3684 άρέων.

299 3707 366 3776 vid.
388 3706 524 3772 Pausan.
546 3703 600 3772 IV.
627 3705 680 3772 15.
707 3705 746 3790 2,
771 3711 803 3771 et
824 3704 878 3771 IV.
906 3705 957 3772 13.
983 3704 1014 3772 6.

344 3813 459 3899 Erupit
477 3810 599 3876 bellum
618 3813 793 3877 seeundum
813 3811 874 3878 ἔτει
892 3813 1041 3894 τριακοτῷ
1060 3812 1112 3877 καί
1134 3811 1232 3892 ένάτςι
1251 3813 1336 3890 μετά
1356 3813 1484 3892 ’λίοίμης

300 3919 430 3998 άλωσιν,
452 3919 591 4000 τετάρτῳ
616 3919 647 3984 δὲ
670 3928 725 3994 τῆς
749 3919 851 4000 τρίτης
877 3921 1091 3994 Ὀλυμπιάδος
1116 3919 1168 3984 καί
1194 3920 1330 3997 siseris,
1357 3925 1486 3986 anctore

299 4026 457 4092 Pausania
481 4022 547 4107 (IV.
571 4024 621 4090 15.
650 4026 708 4109 1.),
734 4046 796 4110 quo
820 4030 900 4091 teste
923 4025 989 4110 (IV.
1014 4023 1068 4090 23.
1093 4024 1138 4109 4.)
1159 4025 1172 4089 δ
1193 4026 1329 4106 δεύτερος
1349 4021 1485 4099 πίλεμος

299 4133 388 4200 τέλος
419 4131 512 4209 ἔσχεν
542 4129 603 4195 έτει
633 4129 739 4211 πράσῳ
767 4141 821 4206 τῆς
846 4130 954 4208 tyram
979 4156 1015 4196 τε
1039 4131 1092 4196 καὶ
1116 4133 1233 4206 είκοςῆς
1257 4128 1482 4206 Ὀλυμπιάδος.

298 4236 391 4305 Nihil
420 4239 522 4324 igitur
551 4238 686 4322 impedit
718 4258 780 4323 qno
809 4241 918 4302 minus
948 4239 1113 4304 credamus
1141 4237 1279 4308 Ἠλείους
1302 4235 1486 4300 insecundo

297 4341 382 4409 bello
404 4341 635 4409 Messeniorum
660 4349 758 4410 sooios
780 4346 815 4408 in
837 4351 942 4430 quarto
966 4363 985 4409 a
1007 4341 1170 4430 Spartanis
1193 4345 1329 4408 stetisse.

343 4447 522 4515 Audiamus
544 4449 682 4517 alterum
704 4454 948 4539 argumentum:
972 4457 1145 4534 προσοίσεις
1162 4448 1365 4516 ασοεάίιιίοιοι
1384 4445 1486 4512 εἰιίιιιί-
