<?xml version="1.0" encoding="UTF-8"?>
<!DOCTYPE html PUBLIC "-//W3C//DTD XHTML 1.0 Transitional//EN"
    "http://www.w3.org/TR/xhtml1/DTD/xhtml1-transitional.dtd">
<html xmlns="http://www.w3.org/1999/xhtml" xml:lang="en" lang="en">
 <head>
  <title>
</title>
<meta http-equiv="Content-Type" content="text/html;charset=utf-8" />
  <meta name='ocr-system' content='tesseract 3.04.00' />
  <meta name='ocr-capabilities' content='ocr_page ocr_carea ocr_par ocr_line ocrx_word'/>
</head>
<body>
  <div class='ocr_page' id='page_1' title='image "./miscellaneacrit00cobegoog/miscellaneacrit00cobegoog_0092.png"; bbox 0 0 3308 5090; ppageno 0'>
   <div class='ocr_carea' id='block_1_1' title="bbox 707 425 749 498">
    <p class='ocr_par' dir='ltr' id='par_1_1' title="bbox 707 425 749 498">
     <span class='ocr_line' id='line_1_1' title="bbox 707 425 749 498; baseline 0.024 -1"><span class='ocrx_word' id='word_1_1' title='bbox 707 425 749 498; x_wconf 80' lang='grc'>67</span> 
     </span>
    </p>
   </div>
   <div class='ocr_carea' id='block_1_2' title="bbox 133 618 1334 4626">
    <p class='ocr_par' dir='ltr' id='par_1_2' title="bbox 135 618 1331 2082">
     <span class='ocr_line' id='line_1_2' title="bbox 135 618 1331 701; baseline 0.005 -21"><span class='ocrx_word' id='word_1_2' title='bbox 135 618 328 698; x_wconf 86' lang='lat' dir='ltr'>(maioribus</span> <span class='ocrx_word' id='word_1_3' title='bbox 362 618 489 696; x_wconf 84' lang='lat' dir='ltr'>nostrie)</span> <span class='ocrx_word' id='word_1_4' title='bbox 526 619 753 700; x_wconf 76' lang='grc' dir='ltr'>πεπραγμένων</span> <span class='ocrx_word' id='word_1_5' title='bbox 788 620 840 686; x_wconf 78' lang='grc' dir='ltr'>καί</span> <span class='ocrx_word' id='word_1_6' title='bbox 874 627 933 687; x_wconf 80' lang='grc' dir='ltr'>τῶν</span> <span class='ocrx_word' id='word_1_7' title='bbox 967 622 1057 698; x_wconf 84' lang='grc' dir='ltr'><em>ύμῖν,</em></span> <span class='ocrx_word' id='word_1_8' title='bbox 1094 619 1132 685; x_wconf 70' lang='grc' dir='ltr'>ἂν</span> <span class='ocrx_word' id='word_1_9' title='bbox 1167 618 1216 701; x_wconf 75' lang='grc' dir='ltr'>ἄρ’</span> <span class='ocrx_word' id='word_1_10' title='bbox 1248 622 1331 698; x_wconf 84' lang='grc' dir='ltr'><em>ύμθν</em></span> 
     </span>
     <span class='ocr_line' id='line_1_3' title="bbox 135 722 1330 808; baseline 0.003 -21"><span class='ocrx_word' id='word_1_11' title='bbox 135 725 240 787; x_wconf 81' lang='grc' dir='ltr'><em>αύτοῖν</em></span> <span class='ocrx_word' id='word_1_12' title='bbox 263 723 339 787; x_wconf 72' lang='grc' dir='ltr'>ἀλλ’</span> <span class='ocrx_word' id='word_1_13' title='bbox 363 723 396 786; x_wconf 78' lang='grc' dir='ltr'>ἐκ</span> <span class='ocrx_word' id='word_1_14' title='bbox 420 722 533 789; x_wconf 83' lang='grc' dir='ltr'><em>τούτων</em></span> <span class='ocrx_word' id='word_1_15' title='bbox 558 751 597 804; x_wconf 91' lang='grc' dir='ltr'>γε</span> <span class='ocrx_word' id='word_1_16' title='bbox 622 725 743 799; x_wconf 76' lang='grc' dir='ltr'><em>δύνησθε</em></span> <span class='ocrx_word' id='word_1_17' title='bbox 769 725 918 804; x_wconf 78' lang='grc' dir='ltr'><em>γενέσθαι.</em></span> <span class='ocrx_word' id='word_1_18' title='bbox 958 725 1041 808; x_wconf 84' lang='lat' dir='ltr'><strong>Quid</strong></span> <span class='ocrx_word' id='word_1_19' title='bbox 1061 731 1109 792; x_wconf 82' lang='lat' dir='ltr'>est</span> <span class='ocrx_word' id='word_1_20' title='bbox 1129 727 1211 803; x_wconf 81' lang='grc' dir='ltr'><em>ὑμῶν</em></span> <span class='ocrx_word' id='word_1_21' title='bbox 1230 728 1330 791; x_wconf 81' lang='grc' dir='ltr'><em>αὐτῶν</em></span> 
     </span>
     <span class='ocr_line' id='line_1_4' title="bbox 135 825 1330 916; baseline 0.003 -24"><span class='ocrx_word' id='word_1_22' title='bbox 135 825 304 907; x_wconf 79' lang='grc' dir='ltr'><em>γενέσθανί</em></span> <span class='ocrx_word' id='word_1_23' title='bbox 339 827 404 893; x_wconf 90' lang='lat' dir='ltr'>Res</span> <span class='ocrx_word' id='word_1_24' title='bbox 432 833 599 916; x_wconf 87' lang='lat' dir='ltr'>perspicua</span> <span class='ocrx_word' id='word_1_25' title='bbox 629 839 693 896; x_wconf 90' lang='lat' dir='ltr'>eet:</span> <span class='ocrx_word' id='word_1_26' title='bbox 727 833 808 908; x_wconf 83' lang='grc' dir='ltr'><em>ὑμῶν</em></span> <span class='ocrx_word' id='word_1_27' title='bbox 839 834 938 898; x_wconf 82' lang='grc' dir='ltr'><em>αὐτῶν</em></span> <span class='ocrx_word' id='word_1_28' title='bbox 969 829 1128 911; x_wconf 86' lang='grc' dir='ltr'><em>γενθμενσν</em></span> <span class='ocrx_word' id='word_1_29' title='bbox 1160 837 1208 898; x_wconf 88' lang='lat' dir='ltr'>est</span> <span class='ocrx_word' id='word_1_30' title='bbox 1238 833 1330 897; x_wconf 76' lang='lat' dir='ltr'>vestri</span> 
     </span>
     <span class='ocr_line' id='line_1_5' title="bbox 137 937 1329 1023; baseline 0.003 -24"><span class='ocrx_word' id='word_1_31' title='bbox 137 937 219 999; x_wconf 76' lang='lat' dir='ltr'>iuris</span> <span class='ocrx_word' id='word_1_32' title='bbox 240 937 347 1021; x_wconf 80' lang='lat' dir='ltr'>facti,</span> <span class='ocrx_word' id='word_1_33' title='bbox 380 937 414 1000; x_wconf 94' lang='lat' dir='ltr'>id</span> <span class='ocrx_word' id='word_1_34' title='bbox 445 941 578 1003; x_wconf 88' lang='lat' dir='ltr'>estnon</span> <span class='ocrx_word' id='word_1_35' title='bbox 603 937 742 1023; x_wconf 87' lang='lat' dir='ltr'>emplius</span> <span class='ocrx_word' id='word_1_36' title='bbox 764 942 799 1002; x_wconf 87' lang='lat' dir='ltr'>in</span> <span class='ocrx_word' id='word_1_37' title='bbox 821 938 958 1004; x_wconf 92' lang='lat' dir='ltr'>aliorum</span> <span class='ocrx_word' id='word_1_38' title='bbox 981 943 1153 1023; x_wconf 75' lang='lat' dir='ltr'>potestate,</span> <span class='ocrx_word' id='word_1_39' title='bbox 1177 958 1240 1004; x_wconf 92' lang='lat' dir='ltr'>non</span> <span class='ocrx_word' id='word_1_40' title='bbox 1263 960 1329 1005; x_wconf 88' lang='lat' dir='ltr'>am-</span> 
     </span>
     <span class='ocr_line' id='line_1_6' title="bbox 137 1041 1330 1129; baseline 0.003 -23"><span class='ocrx_word' id='word_1_41' title='bbox 137 1042 226 1128; x_wconf 88' lang='lat' dir='ltr'>plius</span> <span class='ocrx_word' id='word_1_42' title='bbox 253 1063 293 1106; x_wconf 84' lang='lat' dir='ltr'>ex</span> <span class='ocrx_word' id='word_1_43' title='bbox 325 1041 427 1108; x_wconf 87' lang='lat' dir='ltr'>alieno</span> <span class='ocrx_word' id='word_1_44' title='bbox 457 1044 588 1109; x_wconf 84' lang='lat' dir='ltr'>arbitrio</span> <span class='ocrx_word' id='word_1_45' title='bbox 618 1044 800 1129; x_wconf 79' lang='lat' dir='ltr'>pendentes.</span> <span class='ocrx_word' id='word_1_46' title='bbox 846 1043 1012 1110; x_wconf 83' lang='lat' dir='ltr'>Factiones</span> <span class='ocrx_word' id='word_1_47' title='bbox 1034 1049 1106 1109; x_wconf 87' lang='lat' dir='ltr'>tum</span> <span class='ocrx_word' id='word_1_48' title='bbox 1129 1046 1163 1108; x_wconf 94' lang='lat' dir='ltr'>in</span> <span class='ocrx_word' id='word_1_49' title='bbox 1186 1066 1251 1129; x_wconf 85' lang='lat' dir='ltr'>rep.</span> <span class='ocrx_word' id='word_1_50' title='bbox 1277 1045 1330 1110; x_wconf 93' lang='lat' dir='ltr'>do-</span> 
     </span>
     <span class='ocr_line' id='line_1_7' title="bbox 138 1147 1330 1238; baseline 0.002 -24"><span class='ocrx_word' id='word_1_51' title='bbox 138 1149 363 1224; x_wconf 85' lang='lat' dir='ltr'>minabantur,</span> <span class='ocrx_word' id='word_1_52' title='bbox 388 1147 427 1214; x_wconf 88' lang='lat' dir='ltr'>ad</span> <span class='ocrx_word' id='word_1_53' title='bbox 450 1171 528 1234; x_wconf 88' lang='lat' dir='ltr'>quas</span> <span class='ocrx_word' id='word_1_54' title='bbox 551 1171 584 1214; x_wconf 91' lang='lat' dir='ltr'>se</span> <span class='ocrx_word' id='word_1_55' title='bbox 607 1149 728 1238; x_wconf 77' lang='lat' dir='ltr'>singuli</span> <span class='ocrx_word' id='word_1_56' title='bbox 752 1149 954 1236; x_wconf 82' lang='lat' dir='ltr'>applicabant</span> <span class='ocrx_word' id='word_1_57' title='bbox 977 1151 1076 1216; x_wconf 85' lang='lat' dir='ltr'>etsie</span> <span class='ocrx_word' id='word_1_58' title='bbox 1099 1149 1217 1235; x_wconf 91' lang='lat' dir='ltr'>populo</span> <span class='ocrx_word' id='word_1_59' title='bbox 1239 1149 1330 1216; x_wconf 85' lang='lat' dir='ltr'>nulla</span> 
     </span>
     <span class='ocr_line' id='line_1_8' title="bbox 136 1253 1326 1340; baseline -0.003 -18"><span class='ocrx_word' id='word_1_60' title='bbox 136 1263 206 1322; x_wconf 84' lang='lat' dir='ltr'>erat</span> <span class='ocrx_word' id='word_1_61' title='bbox 228 1253 342 1319; x_wconf 86' lang='lat' dir='ltr'>relicta</span> <span class='ocrx_word' id='word_1_62' title='bbox 364 1261 511 1340; x_wconf 83' lang='lat' dir='ltr'>potestas.</span> <span class='ocrx_word' id='word_1_63' title='bbox 538 1258 624 1331; x_wconf 80' lang='grc' dir='ltr'>ὑμεῖς</span> <span class='ocrx_word' id='word_1_64' title='bbox 650 1255 675 1319; x_wconf 87' lang='grc' dir='ltr'>δ’</span> <span class='ocrx_word' id='word_1_65' title='bbox 694 1260 708 1319; x_wconf 87' lang='grc' dir='ltr'><em>θ</em></span> <span class='ocrx_word' id='word_1_66' title='bbox 729 1256 821 1334; x_wconf 72' lang='grc' dir='ltr'><em>δῆμος</em></span> <span class='ocrx_word' id='word_1_67' title='bbox 842 1257 904 1320; x_wconf 87' lang='grc' dir='ltr'>-έν</span> <span class='ocrx_word' id='word_1_68' title='bbox 926 1255 1072 1333; x_wconf 75' lang='grc' dir='ltr'>ὑπηρέτου</span> <span class='ocrx_word' id='word_1_69' title='bbox 1094 1255 1146 1320; x_wconf 75' lang='grc' dir='ltr'>καί</span> <span class='ocrx_word' id='word_1_70' title='bbox 1159 1255 1326 1335; x_wconf 71' lang='grc' dir='ltr'><strong><em>προσθήκης</em></strong></span> 
     </span>
     <span class='ocr_line' id='line_1_9' title="bbox 138 1359 1328 1449; baseline 0.002 -24"><span class='ocrx_word' id='word_1_71' title='bbox 138 1363 224 1441; x_wconf 74' lang='grc' dir='ltr'><em>μέρει</em></span> <span class='ocrx_word' id='word_1_72' title='bbox 254 1361 423 1438; x_wconf 70' lang='grc' dir='ltr'><em>γεγένησθε</em></span> <span class='ocrx_word' id='word_1_73' title='bbox 446 1382 519 1448; x_wconf 79' lang='grc' dir='ltr'><em>ρος.</em></span> <span class='ocrx_word' id='word_1_74' title='bbox 545 1359 598 1426; x_wconf 86' lang='grc'>37.</span> <span class='ocrx_word' id='word_1_75' title='bbox 624 1361 654 1426; x_wconf 83' lang='grc'>2.</span> <span class='ocrx_word' id='word_1_76' title='bbox 680 1383 760 1448; x_wconf 84' lang='lat' dir='ltr'>quae</span> <span class='ocrx_word' id='word_1_77' title='bbox 783 1361 925 1448; x_wconf 79' lang='lat' dir='ltr'>recoquit</span> <span class='ocrx_word' id='word_1_78' title='bbox 946 1369 1053 1426; x_wconf 89' lang='lat' dir='ltr'>noster</span> <span class='ocrx_word' id='word_1_79' title='bbox 1074 1383 1148 1449; x_wconf 82' lang='lat' dir='ltr'>pag.</span> <span class='ocrx_word' id='word_1_80' title='bbox 1173 1361 1249 1427; x_wconf 84' lang='grc'><strong>175.</strong></span> <span class='ocrx_word' id='word_1_81' title='bbox 1276 1359 1328 1428; x_wconf 92' lang='grc'>17.</span> 
     </span>
     <span class='ocr_line' id='line_1_10' title="bbox 137 1465 1329 1555; baseline -0.001 -22"><span class='ocrx_word' id='word_1_82' title='bbox 137 1467 251 1554; x_wconf 88' lang='lat' dir='ltr'>Itaque</span> <span class='ocrx_word' id='word_1_83' title='bbox 285 1468 367 1545; x_wconf 81' lang='grc' dir='ltr'><em>ὑμῶν</em></span> <span class='ocrx_word' id='word_1_84' title='bbox 398 1469 496 1532; x_wconf 81' lang='grc' dir='ltr'><em>αὐτῶν</em></span> <span class='ocrx_word' id='word_1_85' title='bbox 529 1467 653 1544; x_wconf 76' lang='grc' dir='ltr'><em>γένεσθε</em></span> <span class='ocrx_word' id='word_1_86' title='bbox 683 1465 842 1555; x_wconf 78' lang='lat' dir='ltr'>significat</span> <span class='ocrx_word' id='word_1_87' title='bbox 865 1467 1015 1532; x_wconf 76' lang='lat' dir='ltr'>vindicate</span> <span class='ocrx_word' id='word_1_88' title='bbox 1037 1490 1086 1532; x_wconf 84' lang='lat' dir='ltr'>voa</span> <span class='ocrx_word' id='word_1_89' title='bbox 1108 1468 1142 1530; x_wconf 81' lang='lat' dir='ltr'>ia</span> <span class='ocrx_word' id='word_1_90' title='bbox 1165 1469 1329 1532; x_wconf 72' lang='grc' dir='ltr'><em>θῖθθοθοθουν</em></span> 
     </span>
     <span class='ocr_line' id='line_1_11' title="bbox 137 1570 1328 1658; baseline 0 -20"><span class='ocrx_word' id='word_1_91' title='bbox 137 1598 175 1638; x_wconf 82' lang='lat' dir='ltr'>oc</span> <span class='ocrx_word' id='word_1_92' title='bbox 211 1583 337 1638; x_wconf 74' lang='lat' dir='ltr'>cederem</span> <span class='ocrx_word' id='word_1_93' title='bbox 368 1581 493 1637; x_wconf 78' lang='lat' dir='ltr'>vestrone</span> <span class='ocrx_word' id='word_1_94' title='bbox 524 1597 622 1637; x_wconf 78' lang='lat' dir='ltr'>rerum</span> <span class='ocrx_word' id='word_1_95' title='bbox 655 1574 784 1638; x_wconf 79' lang='lat' dir='ltr'>omnium</span> <span class='ocrx_word' id='word_1_96' title='bbox 807 1581 982 1658; x_wconf 71' lang='lat' dir='ltr'>potestates</span> <span class='ocrx_word' id='word_1_97' title='bbox 1010 1579 1197 1658; x_wconf 76' lang='grc' dir='ltr'><em>τσσνρστοθο,</em></span> <span class='ocrx_word' id='word_1_98' title='bbox 1231 1570 1282 1637; x_wconf 71' lang='lat' dir='ltr'>irc</span> <span class='ocrx_word' id='word_1_99' title='bbox 1314 1576 1328 1640; x_wconf 87' lang='grc' dir='ltr'><em>θ</em></span> 
     </span>
     <span class='ocr_line' id='line_1_12' title="bbox 137 1677 1327 1759; baseline 0 -15"><span class='ocrx_word' id='word_1_100' title='bbox 137 1681 233 1756; x_wconf 75' lang='grc' dir='ltr'><em>δῆμος</em></span> <span class='ocrx_word' id='word_1_101' title='bbox 266 1679 417 1753; x_wconf 77' lang='grc' dir='ltr'><em>δεσπότης</em></span> <span class='ocrx_word' id='word_1_102' title='bbox 442 1681 500 1744; x_wconf 80' lang='grc' dir='ltr'>τῶν</span> <span class='ocrx_word' id='word_1_103' title='bbox 523 1679 764 1757; x_wconf 78' lang='grc' dir='ltr'><em>πολιτευομένων</em></span> <span class='ocrx_word' id='word_1_104' title='bbox 789 1677 823 1754; x_wconf 78' lang='grc' dir='ltr'>ἦν</span> <span class='ocrx_word' id='word_1_105' title='bbox 847 1679 898 1744; x_wconf 76' lang='grc' dir='ltr'>καὶ</span> <span class='ocrx_word' id='word_1_106' title='bbox 924 1678 1020 1759; x_wconf 80' lang='grc' dir='ltr'><em>κύριος</em></span> <span class='ocrx_word' id='word_1_107' title='bbox 1044 1680 1137 1752; x_wconf 81' lang='grc' dir='ltr'><em>αὐτὸς</em></span> <span class='ocrx_word' id='word_1_108' title='bbox 1162 1677 1327 1757; x_wconf 83' lang='grc' dir='ltr'><em>οίπσίντων,</em></span> 
     </span>
     <span class='ocr_line' id='line_1_13' title="bbox 136 1783 1328 1874; baseline 0 -23"><span class='ocrx_word' id='word_1_109' title='bbox 136 1807 217 1872; x_wconf 86' lang='lat' dir='ltr'>quae</span> <span class='ocrx_word' id='word_1_110' title='bbox 255 1791 398 1851; x_wconf 89' lang='lat' dir='ltr'>recantat</span> <span class='ocrx_word' id='word_1_111' title='bbox 427 1789 582 1872; x_wconf 81' lang='lat' dir='ltr'>impostor</span> <span class='ocrx_word' id='word_1_112' title='bbox 612 1807 685 1874; x_wconf 80' lang='lat' dir='ltr'>pag.</span> <span class='ocrx_word' id='word_1_113' title='bbox 723 1783 797 1850; x_wconf 79' lang='grc'><strong>175.</strong></span> <span class='ocrx_word' id='word_1_114' title='bbox 832 1783 885 1850; x_wconf 83' lang='grc'>13.</span> <span class='ocrx_word' id='word_1_115' title='bbox 940 1783 1093 1850; x_wconf 82' lang='lat' dir='ltr'>Sumtum</span> <span class='ocrx_word' id='word_1_116' title='bbox 1124 1792 1172 1850; x_wconf 90' lang='lat' dir='ltr'>est</span> <span class='ocrx_word' id='word_1_117' title='bbox 1203 1784 1328 1852; x_wconf 91' lang='lat' dir='ltr'>dicendi</span> 
     </span>
     <span class='ocr_line' id='line_1_14' title="bbox 135 1889 1329 1980; baseline 0 -22"><span class='ocrx_word' id='word_1_118' title='bbox 135 1915 238 1980; x_wconf 82' lang='lat' dir='ltr'>genus</span> <span class='ocrx_word' id='word_1_119' title='bbox 270 1913 289 1957; x_wconf 90' lang='lat' dir='ltr'>a</span> <span class='ocrx_word' id='word_1_120' title='bbox 320 1895 569 1958; x_wconf 80' lang='lat' dir='ltr'>manumissione</span> <span class='ocrx_word' id='word_1_121' title='bbox 600 1912 774 1957; x_wconf 88' lang='lat' dir='ltr'>servorum.</span> <span class='ocrx_word' id='word_1_122' title='bbox 822 1890 1004 1956; x_wconf 77' lang='lat' dir='ltr'>Priscianus</span> <span class='ocrx_word' id='word_1_123' title='bbox 1026 1889 1128 1956; x_wconf 85' lang='lat' dir='ltr'>XVII.</span> <span class='ocrx_word' id='word_1_124' title='bbox 1154 1889 1206 1958; x_wconf 92' lang='grc'>17.</span> <span class='ocrx_word' id='word_1_125' title='bbox 1231 1893 1329 1978; x_wconf 88' lang='lat' dir='ltr'>(apud</span> 
     </span>
     <span class='ocr_line' id='line_1_15' title="bbox 135 1994 909 2082; baseline -0.005 -18"><span class='ocrx_word' id='word_1_126' title='bbox 135 1997 279 2064; x_wconf 83' lang='lat' dir='ltr'>Meinelr.</span> <span class='ocrx_word' id='word_1_127' title='bbox 303 1997 422 2080; x_wconf 75' lang='grc' dir='ltr'><em>Ιθορον.</em></span> <span class='ocrx_word' id='word_1_128' title='bbox 452 1999 526 2062; x_wconf 67' lang='grc' dir='ltr'><em>(ἶσον.</em></span> <span class='ocrx_word' id='word_1_129' title='bbox 551 1997 603 2064; x_wconf 84' lang='lat' dir='ltr'>IV.</span> <span class='ocrx_word' id='word_1_130' title='bbox 630 1994 709 2082; x_wconf 87' lang='grc'><strong>447)</strong></span> <span class='ocrx_word' id='word_1_131' title='bbox 734 1996 909 2076; x_wconf 78' lang='lat' dir='ltr'>„Panemsz</span> 
     </span>
    </p>

    <p class='ocr_par' dir='ltr' id='par_1_3' title="bbox 137 2101 1104 2284">
     <span class='ocr_line' id='line_1_16' title="bbox 362 2101 1104 2190; baseline -0.004 -22"><span class='ocrx_word' id='word_1_132' title='bbox 362 2103 495 2169; x_wconf 81' lang='grc' dir='ltr'><em>οἱννύίσθπ</em></span> <span class='ocrx_word' id='word_1_133' title='bbox 510 2111 667 2190; x_wconf 78' lang='grc' dir='ltr'><em>ρσεθρνοννο</em></span> <span class='ocrx_word' id='word_1_134' title='bbox 689 2126 768 2167; x_wconf 73' lang='lat' dir='ltr'>mcccc</span> <span class='ocrx_word' id='word_1_135' title='bbox 791 2127 809 2166; x_wconf 89' lang='grc' dir='ltr'><em>ο</em></span> <span class='ocrx_word' id='word_1_136' title='bbox 825 2109 967 2186; x_wconf 80' lang='lat' dir='ltr'>praetore</span> <span class='ocrx_word' id='word_1_137' title='bbox 989 2101 1104 2166; x_wconf 79' lang='lat' dir='ltr'>recessi.</span> 
     </span>
     <span class='ocr_line' id='line_1_17' title="bbox 137 2209 651 2284; baseline -0.008 -8"><span class='ocrx_word' id='word_1_138' title='bbox 137 2219 168 2276; x_wconf 89' lang='lat' dir='ltr'>at</span> <span class='ocrx_word' id='word_1_139' title='bbox 190 2209 388 2276; x_wconf 70' lang='lat' dir='ltr'>desumus:</span> <span class='ocrx_word' id='word_1_140' title='bbox 646 2265 651 2284; x_wconf 83' lang='grc'>,</span> 
     </span>
    </p>

    <p class='ocr_par' dir='ltr' id='par_1_4' title="bbox 573 2314 899 2393">
     <span class='ocr_line' id='line_1_18' title="bbox 573 2314 899 2393; baseline -0.003 -14"><span class='ocrx_word' id='word_1_141' title='bbox 573 2315 634 2393; x_wconf 81' lang='grc' dir='ltr'>ἐγὼ</span> <span class='ocrx_word' id='word_1_142' title='bbox 661 2315 686 2379; x_wconf 89' lang='grc' dir='ltr'>δ’</span> <span class='ocrx_word' id='word_1_143' title='bbox 710 2314 782 2392; x_wconf 83' lang='grc' dir='ltr'><em>ἒμύς</em></span> <span class='ocrx_word' id='word_1_144' title='bbox 808 2315 899 2393; x_wconf 85' lang='grc' dir='ltr'><em>εῖμν.”</em></span> 
     </span>
    </p>

    <p class='ocr_par' dir='ltr' id='par_1_5' title="bbox 136 2417 1332 3880">
     <span class='ocr_line' id='line_1_19' title="bbox 141 2417 1331 2510; baseline 0 -22"><span class='ocrx_word' id='word_1_145' title='bbox 141 2425 280 2510; x_wconf 84' lang='lat' dir='ltr'>corrige:</span> <span class='ocrx_word' id='word_1_146' title='bbox 306 2423 368 2498; x_wconf 77' lang='grc' dir='ltr'>ἐγὼ</span> <span class='ocrx_word' id='word_1_147' title='bbox 392 2421 418 2485; x_wconf 88' lang='grc' dir='ltr'>δ’</span> <span class='ocrx_word' id='word_1_148' title='bbox 442 2421 514 2499; x_wconf 75' lang='grc' dir='ltr'><em>ἐμὸς</em></span> <span class='ocrx_word' id='word_1_149' title='bbox 540 2427 590 2486; x_wconf 79' lang='grc' dir='ltr'>νῦν</span> <span class='ocrx_word' id='word_1_150' title='bbox 613 2423 695 2499; x_wconf 84' lang='grc' dir='ltr'><em>είμν,</em></span> <span class='ocrx_word' id='word_1_151' title='bbox 721 2421 804 2506; x_wconf 91' lang='lat' dir='ltr'>quod</span> <span class='ocrx_word' id='word_1_152' title='bbox 824 2422 858 2484; x_wconf 92' lang='lat' dir='ltr'>in</span> <span class='ocrx_word' id='word_1_153' title='bbox 879 2420 1021 2485; x_wconf 86' lang='lat' dir='ltr'>dramate</span> <span class='ocrx_word' id='word_1_154' title='bbox 1041 2417 1186 2507; x_wconf 78' lang='lat' dir='ltr'>Satyrico</span> <span class='ocrx_word' id='word_1_155' title='bbox 1205 2420 1331 2488; x_wconf 90' lang='lat' dir='ltr'>dicebat</span> 
     </span>
     <span class='ocr_line' id='line_1_20' title="bbox 139 2515 1331 2613; baseline -0.001 -20"><span class='ocrx_word' id='word_1_156' title='bbox 139 2532 243 2594; x_wconf 88' lang='lat' dir='ltr'>nescio</span> <span class='ocrx_word' id='word_1_157' title='bbox 274 2530 347 2613; x_wconf 91' lang='lat' dir='ltr'>quis</span> <span class='ocrx_word' id='word_1_158' title='bbox 380 2549 418 2593; x_wconf 86' lang='lat' dir='ltr'>ex</span> <span class='ocrx_word' id='word_1_159' title='bbox 450 2531 604 2594; x_wconf 86' lang='lat' dir='ltr'>servitute</span> <span class='ocrx_word' id='word_1_160' title='bbox 634 2548 741 2593; x_wconf 91' lang='lat' dir='ltr'>recens</span> <span class='ocrx_word' id='word_1_161' title='bbox 759 2515 936 2591; x_wconf 78' lang='lat' dir='ltr'>&#39;liberatus</span> <span class='ocrx_word' id='word_1_162' title='bbox 983 2525 1054 2592; x_wconf 92' lang='lat' dir='ltr'>Hoc</span> <span class='ocrx_word' id='word_1_163' title='bbox 1075 2528 1179 2613; x_wconf 82' lang='lat' dir='ltr'>igitur</span> <span class='ocrx_word' id='word_1_164' title='bbox 1201 2532 1266 2592; x_wconf 88' lang='lat' dir='ltr'>est:</span> <span class='ocrx_word' id='word_1_165' title='bbox 1291 2528 1331 2594; x_wconf 82' lang='grc' dir='ltr'>θον</span> 
     </span>
     <span class='ocr_line' id='line_1_21' title="bbox 139 2631 1329 2715; baseline 0.001 -17"><span class='ocrx_word' id='word_1_166' title='bbox 139 2634 198 2715; x_wconf 79' lang='grc' dir='ltr'><em>ἄρα</em></span> <span class='ocrx_word' id='word_1_167' title='bbox 231 2637 314 2710; x_wconf 82' lang='grc' dir='ltr'><em>ὑμῶν</em></span> <span class='ocrx_word' id='word_1_168' title='bbox 347 2635 448 2698; x_wconf 78' lang='grc' dir='ltr'><em>αὐτῶν</em></span> <span class='ocrx_word' id='word_1_169' title='bbox 480 2633 556 2698; x_wconf 69' lang='grc' dir='ltr'>ἀλλ’</span> <span class='ocrx_word' id='word_1_170' title='bbox 591 2634 624 2698; x_wconf 84' lang='grc' dir='ltr'>έκ</span> <span class='ocrx_word' id='word_1_171' title='bbox 653 2635 766 2699; x_wconf 85' lang='grc' dir='ltr'><em>τούτων</em></span> <span class='ocrx_word' id='word_1_172' title='bbox 797 2657 837 2709; x_wconf 89' lang='grc' dir='ltr'>γε</span> <span class='ocrx_word' id='word_1_173' title='bbox 861 2631 984 2705; x_wconf 77' lang='grc' dir='ltr'><em>δύνησθε</em></span> <span class='ocrx_word' id='word_1_174' title='bbox 1007 2631 1160 2710; x_wconf 79' lang='grc' dir='ltr'><em>γενέσθαι.</em></span> <span class='ocrx_word' id='word_1_175' title='bbox 1207 2632 1329 2699; x_wconf 77' lang='lat' dir='ltr'>Eodem</span> 
     </span>
     <span class='ocr_line' id='line_1_22' title="bbox 138 2735 1328 2828; baseline -0.003 -22"><span class='ocrx_word' id='word_1_176' title='bbox 138 2762 230 2806; x_wconf 80' lang='lat' dir='ltr'>sensu</span> <span class='ocrx_word' id='word_1_177' title='bbox 262 2740 383 2805; x_wconf 85' lang='lat' dir='ltr'>dicitur</span> <span class='ocrx_word' id='word_1_178' title='bbox 416 2761 485 2828; x_wconf 81' lang='lat' dir='ltr'>pag.</span> <span class='ocrx_word' id='word_1_179' title='bbox 522 2737 597 2805; x_wconf 88' lang='grc'><strong>171.</strong></span> <span class='ocrx_word' id='word_1_180' title='bbox 630 2737 681 2804; x_wconf 86' lang='grc'>25,</span> <span class='ocrx_word' id='word_1_181' title='bbox 709 2738 747 2804; x_wconf 83' lang='grc' dir='ltr'>θον</span> <span class='ocrx_word' id='word_1_182' title='bbox 771 2737 798 2802; x_wconf 89' lang='grc' dir='ltr'>δ’</span> <span class='ocrx_word' id='word_1_183' title='bbox 824 2739 911 2814; x_wconf 84' lang='grc' dir='ltr'><em>ὑμεῖς</em></span> <span class='ocrx_word' id='word_1_184' title='bbox 936 2737 974 2802; x_wconf 76' lang='grc' dir='ltr'>δι’</span> <span class='ocrx_word' id='word_1_185' title='bbox 1000 2738 1081 2814; x_wconf 78' lang='grc' dir='ltr'><em>ὑμῶν</em></span> <span class='ocrx_word' id='word_1_186' title='bbox 1102 2739 1203 2803; x_wconf 79' lang='grc' dir='ltr'><em>αὐτῶν</em></span> <span class='ocrx_word' id='word_1_187' title='bbox 1227 2735 1328 2808; x_wconf 82' lang='grc' dir='ltr'><em>έκαςα</em></span> 
     </span>
     <span class='ocr_line' id='line_1_23' title="bbox 138 2844 1329 2926; baseline -0.001 -15"><span class='ocrx_word' id='word_1_188' title='bbox 138 2845 318 2926; x_wconf 68' lang='grc' dir='ltr'><em>πράττητε,</em></span> <span class='ocrx_word' id='word_1_189' title='bbox 356 2851 388 2910; x_wconf 85' lang='lat' dir='ltr'>et</span> <span class='ocrx_word' id='word_1_190' title='bbox 427 2845 501 2910; x_wconf 89' lang='lat' dir='ltr'>hinc</span> <span class='ocrx_word' id='word_1_191' title='bbox 536 2845 668 2910; x_wconf 83' lang='lat' dir='ltr'>mordax</span> <span class='ocrx_word' id='word_1_192' title='bbox 700 2845 841 2910; x_wconf 84' lang='lat' dir='ltr'>dictum:</span> <span class='ocrx_word' id='word_1_193' title='bbox 873 2848 923 2908; x_wconf 77' lang='grc' dir='ltr'>νῦν</span> <span class='ocrx_word' id='word_1_194' title='bbox 953 2844 984 2909; x_wconf 80' lang='grc' dir='ltr'>δέ</span> <span class='ocrx_word' id='word_1_195' title='bbox 1016 2844 1211 2910; x_wconf 77' lang='grc' dir='ltr'><em>πολιτεύεσθε</em></span> <span class='ocrx_word' id='word_1_196' title='bbox 1244 2845 1329 2910; x_wconf 69' lang='grc' dir='ltr'>κατὰ</span> 
     </span>
     <span class='ocr_line' id='line_1_24' title="bbox 137 2949 1328 3036; baseline 0.001 -20"><span class='ocrx_word' id='word_1_197' title='bbox 137 2953 322 3029; x_wconf 84' lang='grc' dir='ltr'><em>συμμορίας.</em></span> <span class='ocrx_word' id='word_1_198' title='bbox 369 2950 544 3036; x_wconf 87' lang='lat' dir='ltr'>Reliquum</span> <span class='ocrx_word' id='word_1_199' title='bbox 573 2957 620 3016; x_wconf 84' lang='lat' dir='ltr'>eet</span> <span class='ocrx_word' id='word_1_200' title='bbox 642 2956 681 3015; x_wconf 82' lang='lat' dir='ltr'>ut</span> <span class='ocrx_word' id='word_1_201' title='bbox 704 2950 868 3015; x_wconf 82' lang='lat' dir='ltr'>ostendam</span> <span class='ocrx_word' id='word_1_202' title='bbox 892 2951 974 3027; x_wconf 82' lang='grc' dir='ltr'><em>ὑμῶν</em></span> <span class='ocrx_word' id='word_1_203' title='bbox 998 2953 1098 3016; x_wconf 80' lang='grc' dir='ltr'><em>αὐτῶν</em></span> <span class='ocrx_word' id='word_1_204' title='bbox 1122 2949 1264 3029; x_wconf 77' lang='grc' dir='ltr'><em>γενέσθαι</em></span> <span class='ocrx_word' id='word_1_205' title='bbox 1290 2954 1328 3017; x_wconf 82' lang='lat' dir='ltr'>ab</span> 
     </span>
     <span class='ocr_line' id='line_1_25' title="bbox 136 3053 1329 3144; baseline -0.001 -22"><span class='ocrx_word' id='word_1_206' title='bbox 136 3062 203 3144; x_wconf 88' lang='lat' dir='ltr'>ipso</span> <span class='ocrx_word' id='word_1_207' title='bbox 233 3057 450 3124; x_wconf 86' lang='lat' dir='ltr'>Demosthene</span> <span class='ocrx_word' id='word_1_208' title='bbox 479 3059 526 3122; x_wconf 88' lang='lat' dir='ltr'>ita</span> <span class='ocrx_word' id='word_1_209' title='bbox 557 3077 623 3122; x_wconf 91' lang='lat' dir='ltr'>esse</span> <span class='ocrx_word' id='word_1_210' title='bbox 648 3061 848 3141; x_wconf 88' lang='lat' dir='ltr'>usurpatum.</span> <span class='ocrx_word' id='word_1_211' title='bbox 871 3055 946 3120; x_wconf 77' lang='lat' dir='ltr'>vide</span> <span class='ocrx_word' id='word_1_212' title='bbox 968 3077 1041 3143; x_wconf 82' lang='lat' dir='ltr'>pag.</span> <span class='ocrx_word' id='word_1_213' title='bbox 1066 3054 1119 3120; x_wconf 83' lang='lat'>26.</span> <span class='ocrx_word' id='word_1_214' title='bbox 1145 3053 1199 3121; x_wconf 86' lang='grc'>27.</span> <span class='ocrx_word' id='word_1_215' title='bbox 1224 3055 1273 3121; x_wconf 86' lang='grc' dir='ltr'><em>δεῖ</em></span> <span class='ocrx_word' id='word_1_216' title='bbox 1294 3057 1329 3132; x_wconf 77' lang='grc' dir='ltr'>δη</span> 
     </span>
     <span class='ocr_line' id='line_1_26' title="bbox 136 3160 1328 3240; baseline -0.002 -11"><span class='ocrx_word' id='word_1_217' title='bbox 136 3169 239 3229; x_wconf 79' lang='grc' dir='ltr'><em>ταῦτα</em></span> <span class='ocrx_word' id='word_1_218' title='bbox 272 3163 444 3235; x_wconf 76' lang='grc' dir='ltr'><em>ἐπανέντας</em></span> <span class='ocrx_word' id='word_1_219' title='bbox 478 3163 530 3227; x_wconf 77' lang='grc' dir='ltr'>καί</span> <span class='ocrx_word' id='word_1_220' title='bbox 565 3163 670 3239; x_wconf 80' lang='grc' dir='ltr'><em>ὑμῶν</em></span> <span class='ocrx_word' id='word_1_221' title='bbox 703 3164 833 3226; x_wconf 77' lang='grc' dir='ltr'><em>αὐτῶν</em></span> <span class='ocrx_word' id='word_1_222' title='bbox 857 3160 901 3226; x_wconf 85' lang='grc' dir='ltr'>έτν</span> <span class='ocrx_word' id='word_1_223' title='bbox 927 3162 1056 3226; x_wconf 79' lang='grc' dir='ltr'><em>καίνῖνν</em></span> <span class='ocrx_word' id='word_1_224' title='bbox 1080 3162 1328 3240; x_wconf 84' lang='grc' dir='ltr'><em>γενομένους</em></span> 
     </span>
     <span class='ocr_line' id='line_1_27' title="bbox 137 3267 1329 3347; baseline -0.003 -11"><span class='ocrx_word' id='word_1_225' title='bbox 137 3273 229 3337; x_wconf 77' lang='grc' dir='ltr'><em>κοινὸν</em></span> <span class='ocrx_word' id='word_1_226' title='bbox 254 3270 307 3335; x_wconf 73' lang='grc' dir='ltr'>καὶ</span> <span class='ocrx_word' id='word_1_227' title='bbox 333 3269 368 3333; x_wconf 86' lang='grc' dir='ltr'>τθ</span> <span class='ocrx_word' id='word_1_228' title='bbox 392 3269 496 3347; x_wconf 78' lang='grc' dir='ltr'><em>λέγειν</em></span> <span class='ocrx_word' id='word_1_229' title='bbox 520 3269 572 3333; x_wconf 79' lang='grc' dir='ltr'>καί</span> <span class='ocrx_word' id='word_1_230' title='bbox 597 3269 631 3332; x_wconf 80' lang='grc' dir='ltr'>τὸ</span> <span class='ocrx_word' id='word_1_231' title='bbox 654 3267 858 3346; x_wconf 80' lang='grc' dir='ltr'><em>βσυλεύεσθαν</em></span> <span class='ocrx_word' id='word_1_232' title='bbox 884 3267 936 3332; x_wconf 80' lang='grc' dir='ltr'>καί</span> <span class='ocrx_word' id='word_1_233' title='bbox 961 3267 996 3332; x_wconf 84' lang='grc' dir='ltr'>τδ</span> <span class='ocrx_word' id='word_1_234' title='bbox 1020 3267 1167 3346; x_wconf 85' lang='grc' dir='ltr'><em>πρσίττενν</em></span> <span class='ocrx_word' id='word_1_235' title='bbox 1190 3277 1329 3346; x_wconf 76' lang='grc' dir='ltr'><em>ποιῆσαν,</em></span> 
     </span>
     <span class='ocr_line' id='line_1_28' title="bbox 136 3371 1332 3464; baseline -0.003 -20"><span class='ocrx_word' id='word_1_236' title='bbox 136 3400 232 3464; x_wconf 92' lang='lat' dir='ltr'>quem</span> <span class='ocrx_word' id='word_1_237' title='bbox 254 3376 364 3442; x_wconf 92' lang='lat' dir='ltr'>locum</span> <span class='ocrx_word' id='word_1_238' title='bbox 388 3396 483 3460; x_wconf 89' lang='lat' dir='ltr'>supra</span> <span class='ocrx_word' id='word_1_239' title='bbox 506 3375 702 3440; x_wconf 87' lang='lat' dir='ltr'>ostendimus</span> <span class='ocrx_word' id='word_1_240' title='bbox 725 3375 907 3461; x_wconf 79' lang='lat' dir='ltr'>contingere</span> <span class='ocrx_word' id='word_1_241' title='bbox 928 3395 963 3440; x_wconf 89' lang='lat' dir='ltr'>ca</span> <span class='ocrx_word' id='word_1_242' title='bbox 983 3393 1063 3460; x_wconf 87' lang='lat' dir='ltr'>quae</span> <span class='ocrx_word' id='word_1_243' title='bbox 1085 3371 1236 3459; x_wconf 82' lang='lat' dir='ltr'>Sophiste</span> <span class='ocrx_word' id='word_1_244' title='bbox 1248 3394 1332 3440; x_wconf 91' lang='lat' dir='ltr'>com·</span> 
     </span>
     <span class='ocr_line' id='line_1_29' title="bbox 136 3475 1329 3570; baseline -0.003 -22"><span class='ocrx_word' id='word_1_245' title='bbox 136 3483 269 3570; x_wconf 86' lang='lat' dir='ltr'>pilavit:</span> <span class='ocrx_word' id='word_1_246' title='bbox 303 3489 341 3546; x_wconf 92' lang='lat' dir='ltr'>ut</span> <span class='ocrx_word' id='word_1_247' title='bbox 371 3479 493 3566; x_wconf 85' lang='lat' dir='ltr'>reliqua</span> <span class='ocrx_word' id='word_1_248' title='bbox 522 3479 612 3545; x_wconf 88' lang='lat' dir='ltr'>illinc</span> <span class='ocrx_word' id='word_1_249' title='bbox 642 3483 759 3545; x_wconf 87' lang='lat' dir='ltr'>sumsit</span> <span class='ocrx_word' id='word_1_250' title='bbox 790 3481 835 3544; x_wconf 89' lang='lat' dir='ltr'>sic</span> <span class='ocrx_word' id='word_1_251' title='bbox 864 3481 963 3544; x_wconf 90' lang='lat' dir='ltr'>etiam</span> <span class='ocrx_word' id='word_1_252' title='bbox 994 3480 1071 3545; x_wconf 90' lang='lat' dir='ltr'>hoc:</span> <span class='ocrx_word' id='word_1_253' title='bbox 1097 3479 1135 3544; x_wconf 80' lang='grc' dir='ltr'>θεν</span> <span class='ocrx_word' id='word_1_254' title='bbox 1159 3475 1222 3559; x_wconf 76' lang='grc' dir='ltr'><em>ἄρα</em></span> <span class='ocrx_word' id='word_1_255' title='bbox 1248 3481 1329 3559; x_wconf 81' lang='grc' dir='ltr'><em>ὑμῶν</em></span> 
     </span>
     <span class='ocr_line' id='line_1_30' title="bbox 136 3581 1332 3662; baseline -0.003 -8"><span class='ocrx_word' id='word_1_256' title='bbox 136 3593 235 3654; x_wconf 82' lang='grc' dir='ltr'><em>αύτῶν</em></span> <span class='ocrx_word' id='word_1_257' title='bbox 260 3590 336 3652; x_wconf 72' lang='grc' dir='ltr'>ἀλλ’</span> <span class='ocrx_word' id='word_1_258' title='bbox 360 3585 393 3650; x_wconf 83' lang='grc' dir='ltr'>ἐκ</span> <span class='ocrx_word' id='word_1_259' title='bbox 416 3584 531 3650; x_wconf 82' lang='grc' dir='ltr'><em>τούτων</em></span> <span class='ocrx_word' id='word_1_260' title='bbox 549 3610 588 3662; x_wconf 90' lang='grc' dir='ltr'>γε</span> <span class='ocrx_word' id='word_1_261' title='bbox 610 3585 731 3656; x_wconf 82' lang='grc' dir='ltr'><em>δύνησθε</em></span> <span class='ocrx_word' id='word_1_262' title='bbox 753 3583 907 3662; x_wconf 78' lang='grc' dir='ltr'><em>γενέσθαι.</em></span> <span class='ocrx_word' id='word_1_263' title='bbox 937 3581 1084 3649; x_wconf 84' lang='lat' dir='ltr'>Recurrit</span> <span class='ocrx_word' id='word_1_264' title='bbox 1105 3584 1193 3651; x_wconf 84' lang='lat' dir='ltr'>idem</span> <span class='ocrx_word' id='word_1_265' title='bbox 1207 3585 1332 3652; x_wconf 88' lang='lat' dir='ltr'>dicendi</span> 
     </span>
     <span class='ocr_line' id='line_1_31' title="bbox 137 3689 1330 3784; baseline -0.004 -22"><span class='ocrx_word' id='word_1_266' title='bbox 137 3717 238 3784; x_wconf 81' lang='lat' dir='ltr'>genus</span> <span class='ocrx_word' id='word_1_267' title='bbox 258 3715 333 3781; x_wconf 84' lang='lat' dir='ltr'>pag.</span> <span class='ocrx_word' id='word_1_268' title='bbox 357 3691 410 3756; x_wconf 83' lang='lat'>42.</span> <span class='ocrx_word' id='word_1_269' title='bbox 432 3689 485 3756; x_wconf 91' lang='grc'>10.</span> <span class='ocrx_word' id='word_1_270' title='bbox 505 3689 658 3755; x_wconf 86' lang='grc' dir='ltr'><em>συνελθντν</em></span> <span class='ocrx_word' id='word_1_271' title='bbox 681 3689 712 3755; x_wconf 91' lang='grc' dir='ltr'>δέ</span> <span class='ocrx_word' id='word_1_272' title='bbox 737 3689 873 3777; x_wconf 67' lang='grc' dir='ltr'><em>[ἁπλῶς]</em></span> <span class='ocrx_word' id='word_1_273' title='bbox 898 3690 931 3766; x_wconf 74' lang='grc' dir='ltr'>ἣν</span> <span class='ocrx_word' id='word_1_274' title='bbox 953 3692 1035 3767; x_wconf 81' lang='grc' dir='ltr'><em>ὑμῶν</em></span> <span class='ocrx_word' id='word_1_275' title='bbox 1051 3691 1152 3756; x_wconf 81' lang='grc' dir='ltr'><em>αὐτῶν</em></span> <span class='ocrx_word' id='word_1_276' title='bbox 1165 3692 1330 3767; x_wconf 72' lang='grc' dir='ltr'><em>ἐθελήσητε</em></span> 
     </span>
     <span class='ocr_line' id='line_1_32' title="bbox 138 3797 877 3880; baseline -0.008 -14"><span class='ocrx_word' id='word_1_277' title='bbox 138 3803 281 3880; x_wconf 73' lang='grc' dir='ltr'><em>γενέσθαι</em></span> <span class='ocrx_word' id='word_1_278' title='bbox 308 3837 349 3848; x_wconf 90' lang='grc'>-</span> <span class='ocrx_word' id='word_1_279' title='bbox 375 3799 417 3862; x_wconf 77' lang='grc' dir='ltr'>τοὶ</span> <span class='ocrx_word' id='word_1_280' title='bbox 443 3797 562 3877; x_wconf 79' lang='grc' dir='ltr'><em>ὑμέτερ’</em></span> <span class='ocrx_word' id='word_1_281' title='bbox 588 3799 689 3861; x_wconf 82' lang='grc' dir='ltr'><em>αὐτῶν</em></span> <span class='ocrx_word' id='word_1_282' title='bbox 714 3797 877 3874; x_wconf 80' lang='grc' dir='ltr'><em>κομιεῖσθε.</em></span> 
     </span>
    </p>

    <p class='ocr_par' dir='ltr' id='par_1_6' title="bbox 133 3897 1334 4626">
     <span class='ocr_line' id='line_1_33' title="bbox 179 3897 1330 3986; baseline -0.004 -14"><span class='ocrx_word' id='word_1_283' title='bbox 179 3907 242 3972; x_wconf 88' lang='lat' dir='ltr'>His</span> <span class='ocrx_word' id='word_1_284' title='bbox 273 3909 321 3970; x_wconf 87' lang='lat' dir='ltr'>ita</span> <span class='ocrx_word' id='word_1_285' title='bbox 350 3907 428 3970; x_wconf 86' lang='lat' dir='ltr'>setis</span> <span class='ocrx_word' id='word_1_286' title='bbox 460 3903 593 3968; x_wconf 89' lang='lat' dir='ltr'>firmiter</span> <span class='ocrx_word' id='word_1_287' title='bbox 624 3901 778 3968; x_wconf 84' lang='lat' dir='ltr'>stabilitis</span> <span class='ocrx_word' id='word_1_288' title='bbox 807 3903 1015 3986; x_wconf 86' lang='lat' dir='ltr'>inspiciamus</span> <span class='ocrx_word' id='word_1_289' title='bbox 1049 3897 1192 3967; x_wconf 76' lang='lat' dir='ltr'>Codices.</span> <span class='ocrx_word' id='word_1_290' title='bbox 1239 3900 1275 3966; x_wconf 92' lang='lat' dir='ltr'>In</span> <span class='ocrx_word' id='word_1_291' title='bbox 1308 3901 1330 3968; x_wconf 78' lang='lat' dir='ltr'>S</span> 
     </span>
     <span class='ocr_line' id='line_1_34' title="bbox 134 4007 1331 4103; baseline -0.004 -24"><span class='ocrx_word' id='word_1_292' title='bbox 134 4013 255 4103; x_wconf 81' lang='lat' dir='ltr'>legitur</span> <span class='ocrx_word' id='word_1_293' title='bbox 287 4050 328 4060; x_wconf 96' lang='lat'><em>-</em></span> <span class='ocrx_word' id='word_1_294' title='bbox 354 4010 479 4082; x_wconf 90' lang='grc' dir='ltr'><em>δύνησθε</em></span> <span class='ocrx_word' id='word_1_295' title='bbox 511 4007 653 4086; x_wconf 78' lang='grc' dir='ltr'><em>γενέσθαι</em></span> <span class='ocrx_word' id='word_1_296' title='bbox 684 4009 860 4086; x_wconf 88' lang='grc' dir='ltr'><em>κρείττους,</em></span> <span class='ocrx_word' id='word_1_297' title='bbox 886 4010 920 4071; x_wconf 93' lang='lat' dir='ltr'>in</span> <span class='ocrx_word' id='word_1_298' title='bbox 944 4007 1016 4072; x_wconf 85' lang='lat' dir='ltr'>aliis</span> <span class='ocrx_word' id='word_1_299' title='bbox 1041 4007 1164 4082; x_wconf 87' lang='grc' dir='ltr'><em>δύνησθε</em></span> <span class='ocrx_word' id='word_1_300' title='bbox 1189 4008 1331 4084; x_wconf 75' lang='grc' dir='ltr'><em>γενέσθαι</em></span> 
     </span>
     <span class='ocr_line' id='line_1_35' title="bbox 133 4114 1331 4198; baseline -0.003 -13"><span class='ocrx_word' id='word_1_301' title='bbox 133 4120 290 4196; x_wconf 75' lang='grc' dir='ltr'><em>βελτίους.</em></span> <span class='ocrx_word' id='word_1_302' title='bbox 346 4115 450 4182; x_wconf 87' lang='lat' dir='ltr'>Paene</span> <span class='ocrx_word' id='word_1_303' title='bbox 490 4114 591 4179; x_wconf 91' lang='lat' dir='ltr'>oculis</span> <span class='ocrx_word' id='word_1_304' title='bbox 623 4121 812 4179; x_wconf 88' lang='lat' dir='ltr'>correctores</span> <span class='ocrx_word' id='word_1_305' title='bbox 843 4116 878 4177; x_wconf 91' lang='lat' dir='ltr'>in</span> <span class='ocrx_word' id='word_1_306' title='bbox 910 4133 1003 4198; x_wconf 91' lang='lat' dir='ltr'>opere</span> <span class='ocrx_word' id='word_1_307' title='bbox 1035 4115 1213 4180; x_wconf 90' lang='lat' dir='ltr'>cernimus:</span> <span class='ocrx_word' id='word_1_308' title='bbox 1248 4114 1331 4181; x_wconf 87' lang='lat' dir='ltr'>alius</span> 
     </span>
     <span class='ocr_line' id='line_1_36' title="bbox 133 4220 1323 4308; baseline -0.004 -17"><span class='ocrx_word' id='word_1_309' title='bbox 133 4227 286 4306; x_wconf 84' lang='grc' dir='ltr'><em>κρείττους</em></span> <span class='ocrx_word' id='word_1_310' title='bbox 311 4223 419 4300; x_wconf 89' lang='lat' dir='ltr'>addit,</span> <span class='ocrx_word' id='word_1_311' title='bbox 445 4221 527 4287; x_wconf 87' lang='lat' dir='ltr'>alius</span> <span class='ocrx_word' id='word_1_312' title='bbox 549 4220 714 4297; x_wconf 75' lang='grc' dir='ltr'><em>βελτίους.</em></span> <span class='ocrx_word' id='word_1_313' title='bbox 738 4241 884 4306; x_wconf 86' lang='lat' dir='ltr'>perverse</span> <span class='ocrx_word' id='word_1_314' title='bbox 908 4225 941 4284; x_wconf 87' lang='lat' dir='ltr'>et</span> <span class='ocrx_word' id='word_1_315' title='bbox 961 4227 1159 4304; x_wconf 90' lang='lat' dir='ltr'>praepostere</span> <span class='ocrx_word' id='word_1_316' title='bbox 1179 4227 1323 4308; x_wconf 88' lang='lat' dir='ltr'>uterque.</span> 
     </span>
     <span class='ocr_line' id='line_1_37' title="bbox 135 4327 1334 4412; baseline -0.002 -14"><span class='ocrx_word' id='word_1_317' title='bbox 135 4333 296 4412; x_wconf 83' lang='grc' dir='ltr'><em>Κρείττσυς</em></span> <span class='ocrx_word' id='word_1_318' title='bbox 322 4331 436 4393; x_wconf 76' lang='grc' dir='ltr'><em>ἑαυτῶν</em></span> <span class='ocrx_word' id='word_1_319' title='bbox 461 4327 624 4405; x_wconf 78' lang='grc' dir='ltr'><em>γίγνεσθαι</em></span> <span class='ocrx_word' id='word_1_320' title='bbox 649 4327 799 4392; x_wconf 87' lang='lat' dir='ltr'>dicuntur</span> <span class='ocrx_word' id='word_1_321' title='bbox 823 4329 880 4411; x_wconf 89' lang='lat' dir='ltr'>qui</span> <span class='ocrx_word' id='word_1_322' title='bbox 901 4349 932 4390; x_wconf 83' lang='lat' dir='ltr'>cc</span> <span class='ocrx_word' id='word_1_323' title='bbox 957 4327 1035 4408; x_wconf 77' lang='lat' dir='ltr'>ipsos</span> <span class='ocrx_word' id='word_1_324' title='bbox 1056 4335 1199 4409; x_wconf 79' lang='lat' dir='ltr'>ceperant</span> <span class='ocrx_word' id='word_1_325' title='bbox 1216 4335 1248 4394; x_wconf 88' lang='lat' dir='ltr'>et</span> <span class='ocrx_word' id='word_1_326' title='bbox 1267 4351 1334 4396; x_wconf 80' lang='lat' dir='ltr'>ma·</span> 
     </span>
     <span class='ocr_line' id='line_1_38' title="bbox 138 4429 1334 4528; baseline -0.003 -24"><span class='ocrx_word' id='word_1_327' title='bbox 138 4443 189 4528; x_wconf 81' lang='lat' dir='ltr'>gis</span> <span class='ocrx_word' id='word_1_328' title='bbox 223 4458 323 4524; x_wconf 86' lang='lat' dir='ltr'>quam</span> <span class='ocrx_word' id='word_1_329' title='bbox 353 4455 509 4520; x_wconf 86' lang='lat' dir='ltr'>umquam</span> <span class='ocrx_word' id='word_1_330' title='bbox 542 4441 634 4498; x_wconf 87' lang='lat' dir='ltr'>antee</span> <span class='ocrx_word' id='word_1_331' title='bbox 664 4435 785 4498; x_wconf 86' lang='lat' dir='ltr'>virtute</span> <span class='ocrx_word' id='word_1_332' title='bbox 818 4429 991 4496; x_wconf 85' lang='lat' dir='ltr'>excellunt.</span> <span class='ocrx_word' id='word_1_333' title='bbox 1045 4429 1155 4495; x_wconf 78' lang='lat' dir='ltr'>Etiam</span> <span class='ocrx_word' id='word_1_334' title='bbox 1189 4433 1334 4510; x_wconf 81' lang='grc' dir='ltr'><em>βελτίους</em></span> 
     </span>
     <span class='ocr_line' id='line_1_39' title="bbox 141 4535 1331 4626; baseline -0.002 -16"><span class='ocrx_word' id='word_1_335' title='bbox 141 4547 255 4610; x_wconf 78' lang='grc' dir='ltr'><em>ἑαυτῶν</em></span> <span class='ocrx_word' id='word_1_336' title='bbox 277 4541 428 4607; x_wconf 90' lang='lat' dir='ltr'>dicuntur</span> <span class='ocrx_word' id='word_1_337' title='bbox 448 4543 504 4626; x_wconf 90' lang='lat' dir='ltr'>qui</span> <span class='ocrx_word' id='word_1_338' title='bbox 524 4538 725 4624; x_wconf 87' lang='lat' dir='ltr'>aliquantum</span> <span class='ocrx_word' id='word_1_339' title='bbox 745 4541 779 4602; x_wconf 92' lang='lat' dir='ltr'>in</span> <span class='ocrx_word' id='word_1_340' title='bbox 798 4540 922 4603; x_wconf 83' lang='lat' dir='ltr'>virtute</span> <span class='ocrx_word' id='word_1_341' title='bbox 938 4535 1148 4622; x_wconf 86' lang='lat' dir='ltr'>profecerunt.</span> <span class='ocrx_word' id='word_1_342' title='bbox 1175 4539 1331 4608; x_wconf 89' lang='lat' dir='ltr'>Neutrum</span> 
     </span>
    </p>
   </div>
   <div class='ocr_carea' id='block_1_3' title="bbox 0 0 1658 5090">
    <p class='ocr_par' dir='ltr' id='par_1_7' title="bbox 0 0 1658 5090">
     <span class='ocr_line' id='line_1_40' title="bbox 0 0 1658 5090; baseline 0 0"><span class='ocrx_word' id='word_1_343' title='bbox 0 0 1658 5090; x_wconf 95' lang='lat' dir='ltr'> </span> 
     </span>
    </p>
   </div>
  </div>
 </body>
</html>
