3308 5090
896 323 939 394 66

315 541 389 608 pag.
410 519 487 586 686.
508 520 562 588 28.
583 521 687 584 ἐκεῖνοι
707 521 764 596 μὲν
783 559 827 570 -
846 517 1027 599 τριακοσίοις
1048 516 1076 581 δ’
1097 517 1227 580 ἱππεῦσι
1248 551 1290 562 -
1304 511 1536 588 βοηθήσαντι,

316 627 394 692 haee
426 630 534 694 omniu
564 625 727 702 αθτολεξεί
757 628 833 692 hine
863 627 999 712 repetite
1024 628 1116 699 sunt,
1141 621 1195 686 sed
1219 620 1293 685 vids
1315 619 1392 703 quid
1414 619 1538 684 addat

317 731 447 798 Orator:
478 736 532 799 οὐκ
563 735 760 814 ἐψηφίσαντο
793 733 885 796 αὐτὸν
917 729 955 794 ἀν
984 753 1031 800 τις
1057 729 1223 806 ἀποκτείνῃ
1246 727 1408 804 ἀγώγιμον
1433 722 1535 790 εἶναι

317 838 414 923 (quod
438 839 477 905 de
501 837 691 906 Charidemo
713 840 923 905 Aristocrates
947 833 1096 922 tulerat),
1116 836 1204 898 ἀλλά
1226 835 1385 896 πολιτείαν
1404 831 1534 897 ἔδοσαν

317 946 370 1008 καί
403 945 519 1019 ταύτην
552 946 657 1018 ίκανίρν
682 942 907 1022 ὑπελάμβανον
932 937 1008 1005 εἶναι
1033 941 1087 1012 τίον
1112 941 1215 1015 τιμίν.
1262 938 1407 1004 Necdum
1431 942 1531 1004 setis

317 1056 383 1115 est:
415 1054 559 1135 sequitur
589 1054 623 1116 in
655 1051 876 1116 Aristocraten.-
899 1049 951 1112 καί
976 1048 1071 1112 ποίλιν
1095 1047 1247 1128 Περδίκκᾳ
1273 1083 1315 1094 -—
1339 1047 1408 1116 τοὺς
1437 1047 1531 1110 ἀνα-

317 1149 494 1235 χωροῦντας
519 1159 553 1221 ἐκ
577 1163 744 1222 Πλαταιῶν
767 1163 825 1220 τῶν
845 1153 1014 1233 βαρβάρων
1034 1153 1244 1232 διαφθείραντι
1266 1190 1307 1201 -
1321 1155 1374 1218 οὐκ
1393 1153 1529 1231 ἐψηφί-

319 1287 413 1328 σαντο
445 1264 608 1342 ἀγώγιμον
638 1260 715 1327 εἶναι
749 1261 787 1326 ἀν
817 1284 865 1334 τις
897 1261 1061 1340 ἀποκτείνῃ
1089 1260 1275 1338 Περδίκκαν,
1307 1253 1327 1340 ᾦ
1357 1259 1527 1335 βασιλεὺς

320 1371 347 1452 [θ
382 1371 517 1454 Περσῶν]
552 1369 657 1450 ἐχθρὸς
689 1369 726 1432 δι’
758 1371 841 1446 ἥμάς
866 1367 1080 1442 ἀπεδέδεικτο,
1106 1367 1193 1430 ἀλλά
1217 1369 1374 1429 πολιτείαν
1398 1363 1527 1429 ἔδωκαν

318 1474 418 1550 μθνον.
466 1473 624 1560 Impostor
653 1474 775 1561 relique
805 1475 845 1540 ed
876 1473 1010 1540 verbum
1041 1473 1223 1558 descripsit,
1256 1472 1310 1536 ssd
1332 1474 1365 1535 in
1387 1469 1450 1538 fine
1475 1473 1524 1537 de

320 1580 506 1646 suodedit:
531 1583 584 1645 οὐκ
609 1581 804 1662 ἐψηφίσαντο
828 1579 988 1644 πολιτείαν
1014 1577 1091 1644 ἀλλ’
1113 1580 1259 1642 ἀτέλειαν
1279 1578 1393 1642 ἔδωκαν
1413 1578 1521 1655 μθνον.

319 1684 474 1750 Videmus
496 1686 677 1764 hominem,
703 1693 740 1751 ut
761 1687 839 1751 hsee
862 1688 897 1751 in
921 1705 993 1750 suos
1013 1705 1090 1749 usus
1107 1689 1289 1749 convertere
1307 1685 1424 1769 possit,
1444 1703 1522 1769 per-

320 1798 443 1856 vertere
466 1794 574 1856 omnis
596 1799 630 1857 et
648 1791 927 1878 impudentissime
946 1793 1087 1857 mentiri.
1125 1789 1160 1854 Si
1181 1791 1237 1875 qui
1255 1790 1335 1854 torte
1355 1792 1521 1864 snuersint

320 1898 377 1980 qui
410 1899 590 1963 orationum
626 1901 806 1984 spuriarum
841 1896 937 1963 fidem
965 1903 997 1963 et
1028 1899 1249 1963 austeritatem
1282 1897 1365 1960 tueri
1394 1895 1517 1970 velint,

320 2011 445 2076 πολλοῖς
486 2003 660 2082 ἀντιλέγειν
691 2006 755 2083 γάρ
787 2005 850 2077 ἔθος
882 2003 948 2084 περὶ
981 2003 1098 2075 παντὸς
1130 2003 1259 2081 ὁμοίως,
1291 2001 1517 2068 huiuscemodi

320 2107 405 2174 loeos
428 2109 600 2198 diligenter
624 2111 799 2196 expendere
821 2109 933 2178 velim.

365 2320 480 2408 Pergit
510 2322 657 2389 falsarius
688 2344 763 2411 pag.
796 2321 872 2391 173.
906 2322 959 2389 14.
990 2322 1137 2401 μεγάλιρν
1167 2321 1220 2386 καί
1252 2323 1379 2398 τιμίαν,
1406 2315 1511 2396 οἶμαι,

321 2427 375 2491 καί
406 2430 520 2505 σεμνὴν
552 2431 607 2502 πίρν
639 2430 739 2494 αὐτῶν
767 2437 957 2495 ΠΑΤΡΙΔΑ
990 2430 1154 2508 ἡγούμενοι
1182 2427 1234 2492 καί
1259 2427 1363 2500 ποίσης
1387 2425 1512 2506 μείζονα

321 2534 515 2613 εὐεργεσίας.
551 2538 601 2597 νῦν
636 2533 667 2599 δὲ
701 2573 742 2583 -
766 2537 892 2617 φθόρους
930 2536 1099 2615 ἀνθρώπους
1132 2571 1174 2582 -
1204 2535 1335 2598 ποιεῖσθε
1370 2533 1510 2601 πολίτας.

322 2639 394 2704 Non
425 2644 500 2706 sunt
529 2641 608 2706 hsee
637 2646 721 2707 reete
751 2645 909 2731 cogitate:
941 2661 1004 2708 non
1028 2644 1114 2707 enim
1137 2641 1176 2706 ds
1192 2640 1300 2724 patria
1322 2659 1426 2704 sermo
1448 2643 1511 2706 est.

321 2745 376 2811 sed
410 2745 448 2811 de
484 2747 551 2810 iure
581 2748 722 2812 οίοθθαθίι.
770 2749 906 2814 Maiores
936 2749 1034 2813 nostri
1064 2747 1195 2832 (inquit)
1228 2746 1375 2810 ἀοίθσθιιιι
1399 2744 1512 2808 nemini
1628 2745 1629 2772 ¹

321 2851 455 2938 quamvis
483 2853 589 2936 optime
619 2855 656 2918 de
677 2876 708 2918 ιο
729 2855 833 2918 merito
857 2855 1119 2938 impertiebantur.-
1141 2875 1221 2916 ιιιιιιο
1244 2853 1374 2916 homines
1397 2850 1512 2936 nequis-

321 2957 409 3021 simos
438 2958 558 3023 οίοὶίαθο
589 2961 743 3024 θοαιιοοιιι.
790 2959 877 3048 Ergo
906 2980 971 3025 non
1001 2960 1138 3036 πατρίδα
1171 2959 1275 3025 disere
1300 2958 1436 3024 debebat
1460 2956 1512 3022 sed
1626 3005 1627 3013 ι

322 3063 499 3138 πολιτείαν,
530 3071 562 3132 et
592 3068 638 3130 sie
661 3065 793 3131 demum
815 3065 958 3154 intelligi
979 3071 1084 3151 potest
1108 3064 1160 3130 καί
1184 3065 1288 3138 πάσιρς
1313 3071 1509 3129 ΜΕΙΖΟΝΑ
1625 3110 1626 3133 r

320 3170 513 3248 εὐεργεσίας.
560 3170 689 3256 Optime
717 3171 852 3236 dieitur:
884 3195 944 3236 αοιι
974 3179 1017 3236 est
1047 3172 1136 3235 σθίιιά
1168 3172 1340 3255 beneficium
1365 3187 1511 3236 omum
1624 3245 1625 3248 Ἴ

322 3276 429 3342 maine.
476 3275 643 3343 Substitue
666 3295 783 3341 rursu
805 3279 902 3342 ααίιιε
925 3284 958 3343 et
978 3277 1064 3344 mele
1087 3299 1163 3344 sene
1185 3279 1286 3344 exibit
1309 3279 1420 3343 oratio.

369 3489 447 3554 Post
468 3507 570 3572 peuce
591 3507 665 3574 peg.
693 3482 768 3551 173.
794 3484 849 3551 22.
874 3486 1068 3572 praeclaram
1091 3487 1315 3553 Demosthenis
1336 3491 1419 3568 ρ’ἥσιν
1447 3508 1510 3552 sur·
1622 3478 1623 3493 ¹

323 3597 425 3681 ripnit
453 3613 492 3658 ns
521 3593 656 3658 verbulo
679 3593 810 3677 quidem
833 3599 958 3660 mutato
980 3614 1019 3660 ex
1048 3594 1225 3680 Olynthium
1248 3594 1337 3658 tertis
1358 3614 1434 3681 pag.
1459 3589 1509 3658 37.
1621 3599 1622 3613 *

326 3700 380 3766 10.
411 3699 457 3768 ἔτι
488 3698 515 3764 δ’
539 3697 701 3770 οὐδέποτε,
733 3694 837 3776 οἶμαι,
868 3699 957 3778 μέγα
989 3699 1041 3764 καί
1073 3701 1206 3765 νεανικδν
1234 3699 1378 3780 φρίνημα
1400 3701 1510 3778 λαβεῖν
1620 3697 1621 3733 ί

324 3807 421 3887 μικροὶ
445 3807 497 3869 καὶ
522 3809 636 3886 φαῦλα
660 3803 874 3886 πράττονπας·
899 3806 977 3871 derbi*
1002 3805 1088 3872 ἀττοι
1108 3806 1171 3886 γάρ
1191 3806 1230 3870 ἀν
1246 3805 1510 3885 τάπιτηδεύματα

325 3917 384 3977 τῶν
407 3913 564 3992 ἀνθρώπων
590 3908 607 3992 ᾗ
631 3917 762 3977 τοιοῦτον
787 3913 911 3991 ἀνοίγκη
937 3913 988 3977 καί
1015 3913 1050 3977 τὸ
1073 3913 1218 3992 φρθννμα
1242 3910 1337 3993 ἔχειν.

371 4017 524 4102 Sequitur
554 4017 642 4084 loeus
671 4039 744 4107 pag.
780 4016 854 4084 173.
881 4017 935 4085 28.
960 4021 994 4084 in
1017 4040 1080 4106 quo
1102 4022 1262 4108 insignem
1285 4020 1461 4085 scriberem
1482 4023 1511 4084 et

324 4129 537 4190 comestorum
567 4124 712 4190 fraudem
743 4125 921 4191 manifestis
952 4126 1079 4192 indiciis
1110 4125 1336 4211 deprehensam
1359 4133 1511 4190 tenemus.

324 4229 504 4316 Proponem
536 4234 679 4317 primurn
714 4230 822 4296 losum
852 4234 1016 4320 integrum
1039 4238 1077 4298 ut
1101 4233 1140 4297 sb
1164 4236 1302 4298 auctoris
1325 4252 1424 4298 menu
1445 4251 1510 4317 pro·

324 4336 427 4401 fectus
459 4343 522 4402 est.
555 4337 667 4404 deinde
698 4335 842 4423 singulus
871 4337 997 4404 ireudes
1027 4338 1181 4404 refutabo.
1229 4337 1416 4426 Legendum
1448 4343 1509 4426 est:

324 4443 489 4523 Σκίφασθε
525 4443 556 4508 δὲ
590 4441 613 4507 ἀ
647 4467 694 4514 τις
729 4440 894 4524 κεφοίλοιια
929 4443 968 4508 ἀν
1003 4444 1069 4526 ἔχοι
1106 4447 1201 4509 είπεῖν
1238 4453 1295 4509 τῶν
1327 4448 1356 4510 τ’
1389 4445 1508 4516 ἐκείνοις
