3296 5104
877 361 935 414 nv

309 563 440 647 κρύβδην
470 561 534 653 ἰδίην
555 567 801 650 ψηφισαμένων,
825 568 883 634 ubl
906 565 1024 635 Relake
1047 566 1330 649 διαψηφισαμένων
1354 568 1512 635 annexit

308 689 349 755 ot.
380 709 455 778 pag.
483 685 562 757 855.
595 695 628 757 et
659 687 758 756 1033.
803 689 884 779 Peg.
909 687 985 756 268.
1011 687 1043 756 9.
1066 697 1321 756 Aerelclihel
1345 696 1512 771 προσεῖναι

306 810 350 891 τῷ
381 808 550 898 δημοτικῷ,
581 811 671 880 dedit
695 809 720 878 S
742 809 830 890 alyn
853 810 926 892 πρὸς
949 802 973 878 ιδ
997 809 1057 890 δεῖ,
1080 812 1156 898 quie
1178 829 1235 898 pro
1260 819 1283 877 C
1307 812 1371 878 sibi
1393 809 1514 878 videre

307 931 477 1000 videbator
510 931 552 1018 S,
585 932 621 999 id
654 937 703 1000 eat
735 934 978 1021 praepositionis
1010 933 1083 1014 epte
1118 931 1356 1019 compendium.
1413 930 1512 1013 Ques

185 1137 189 1144 .
306 1054 418 1122 turbas
444 1055 479 1120 in
510 1050 626 1122 Godiee
648 1052 672 1120 Β
694 1053 951 1141 compendiolum
973 1055 1033 1121 hoo
1056 1053 1179 1120 dederit
1200 1073 1265 1122 non
1286 1073 1351 1120 uuo
1373 1055 1409 1118 in
1431 1050 1511 1120 loeo

306 1174 513 1242 ostendimus.
549 1171 684 1262 Saepius
705 1195 833 1263 prorsus
852 1177 993 1255 interiit,
1014 1175 1242 1244 absurdissime
1261 1177 1409 1243 omnium
1425 1194 1511 1264 pag.
1585 1241 1591 1254 ,

309 1294 407 1362 1066.
440 1294 471 1362 1.
501 1296 560 1362 ubi
586 1295 722 1362 sanetae
753 1295 876 1386 legitur
904 1317 962 1384 pro
994 1297 1224 1379 Προσπαλτίου.
1273 1295 1380 1378 Quem
1408 1315 1510 1383 saepe

306 1418 503 1486 ostendimus
524 1415 649 1484 soloeea
670 1423 703 1484 et
725 1417 860 1486 bntna
879 1421 914 1484 in
933 1421 954 1483 S
971 1420 1121 1506 reperiri,
1139 1435 1238 1505 quam
1255 1417 1362 1486 multa
1379 1418 1514 1488 embla-

304 1544 394 1607 mata
423 1543 456 1606 et
478 1538 674 1628 glossemate
695 1543 729 1606 et
751 1539 969 1607 additamenta
993 1557 1086 1607 omne
1108 1557 1211 1629 geum
1232 1542 1333 1606 etlam
1354 1538 1509 1607 insulsis

303 1663 388 1728 sima
415 1661 511 1726 unius
540 1662 687 1736 omnium
714 1663 831 1747 optimi
853 1663 944 1727 testis
966 1663 1156 1728 auotoritate
1178 1662 1251 1727 niti.
1298 1659 1361 1727 Sed
1383 1660 1506 1729 nihilo-

303 1785 413 1849 minus
453 1785 481 1848 si
520 1783 592 1868 quie
630 1783 723 1848 nohis
755 1787 946 1870 apparatum
979 1779 1138 1850 Oritioum
1174 1782 1214 1848 ad
1249 1781 1504 1850 Demosthenem

303 1923 486 1990 comparare
514 1901 602 1972 volet
632 1906 666 1970 in
694 1923 757 1990 quo
783 1903 868 1972 solae
897 1901 1024 1972 Oodieis
1044 1903 1068 1972 Β
1090 1904 1242 1973 lectiones
1265 1923 1375 1971 omnes
1398 1921 1503 1991 quam

305 2023 552 2114 diligentissime
579 2029 725 2092 anotatoe
754 2027 971 2113 reperiuntur,
1000 2026 1126 2094 abieoto
1143 2026 1269 2113 reliqua
1290 2029 1378 2092 omni
1400 2025 1504 2095 farm·

303 2149 380 2235 gine
402 2165 442 2212 ex
460 2149 592 2214 outone
610 2145 721 2227 libris,
743 2145 880 2235 (praeter
897 2149 1093 2234 peuoiuima
1109 2147 1266 2235 quaedem
1285 2151 1502 2216 comestorum

302 2273 447 2336 veterum
477 2268 705 2351 κατορθώματα
734 2273 769 2336 et
797 2267 1020 2336 laounularum
1049 2269 1283 2359 supplements)
1306 2269 1501 2338 habebimus

305 2391 412 2456 omnia
443 2394 551 2456 tentus
580 2390 794 2457 eomtituendi
816 2389 959 2458 subsidia
981 2394 1015 2457 et
1036 2389 1237 2470 summania,
1260 2409 1342 2478 quas
1365 2391 1499 2478 quidem

305 2531 345 2578 ex
369 2509 462 2576 libris
484 2509 564 2577 Mas.
587 2514 657 2598 peti
679 2513 812 2598 possint.

344 2631 393 2699 De
425 2627 582 2699 (lodicum
619 2632 744 2700 delaetu
777 2631 812 2700 in
846 2631 1068 2702 eonstituenda
1096 2632 1241 2702 Platonis
1272 2638 1413 2702 oratione
1445 2641 1498 2702 ost

299 2753 383 2820 mihi
414 2774 490 2819 oum
520 2756 696 2822 noviadmo
724 2753 855 2822 Editore
881 2754 1023 2822 Martino
1051 2751 1173 2823 Sohann
1195 2758 1300 2824 amieo
1322 2758 1497 2825 eontentlo.

298 2872 458 2960 liquidem
488 2881 615 2962 praeter
643 2875 855 2943 Bodlsiunum
880 2881 914 2943 et
935 2877 1119 2944 Parisinum
1141 2879 1170 2945 a
1193 2875 1276 2945 nihil
1297 2876 1388 2945 aliud
1410 2878 1496 2946 desi-

298 2997 392 3083 dero,
415 2999 443 3063 si
467 3017 507 3063 ax
525 2999 659 3065 eaeteris
677 3015 794 3084 pauoaa
813 2997 967 3086 quosdam
987 2998 1095 3066 islioea
1114 3004 1326 3066 eorreotorum
1346 3005 1495 3068 veterum

297 3117 533 3186 emendationes
556 3124 590 3186 et
607 3119 660 3185 hie
684 3118 753 3186 illio
775 3118 908 3188 laeuuae
931 3119 1191 3207 supplementum
1214 3119 1382 3188 addideris.
1418 3120 1495 3188 ildi-

296 3245 347 3306 tor
369 3245 479 3308 eontra
500 3239 619 3307 maluit
636 3243 671 3306 in
691 3239 860 3308 eonsilium
881 3241 1031 3308 adhibere
1050 3237 1262 3326 Gnudmm,
1279 3239 1494 3329 venenum,

296 3359 432 3430 Venetos
450 3361 547 3448 dues,
564 3361 650 3429 unde
668 3361 751 3429 nihil
770 3362 860 3430 aliud
882 3363 959 3430 boni
976 3363 1131 3452 prodiisse
1154 3363 1248 3431 video
1270 3368 1395 3450 preater
1417 3383 1491 3431 eon·

297 3486 436 3552 iacturas
475 3481 674 3572 probabiles,
713 3481 825 3571 quales
864 3485 1043 3573 eomplmea
1082 3485 1117 3550 ln
1157 3481 1274 3552 Oodloo
1306 3484 1335 3551 n
1368 3483 1491 3554 Veneto

295 3607 522 3684 inueniuntur,
545 3623 627 3692 quaa
648 3609 759 3672 tamen
782 3625 893 3674 omnes
913 3611 989 3673 sunt
1013 3605 1218 3691 huiusmodi,
1241 3609 1280 3671 ut
1302 3625 1355 3674 aas
1379 3605 1490 3694 paullo

295 3729 417 3794 aendor
439 3725 584 3793 Platonis
606 3726 706 3794 laetor
728 3727 816 3794 lanii
838 3731 968 3818 negotio
988 3727 1127 3814 reperire
1147 3729 1313 3815 potuisset.
1352 3725 1490 3816 Reliqua

294 3849 395 3915 lerum
428 3850 539 3914 omnia
569 3852 644 3915 sent
678 3849 924 3938 orthographiae
957 3849 1137 3916 futilissimi
1169 3851 1314 3939 generis,
1349 3870 1487 3937 quorum

293 3966 390 4058 longe
419 3970 665 4056 maximopere
695 3973 752 4036 aut
782 3985 979 4056 suparvaoua
1011 3975 1061 4037 ast
1092 3975 1149 4038 aut
1182 3991 1222 4037 ex
1255 3972 1486 4060 magistrorum

292 4091 451 4159 erroribus
483 4095 569 4158 nata.
622 4089 826 4178 Uhioumque
857 4090 949 4159 verbi
978 4091 1013 4157 in
1045 4114 1152 4170 -νιιαι
1185 4091 1324 4160 secunda
1354 4109 1486 4180 perseus

292 4211 413 4301 lagu'tus
440 4211 562 4295 διηγεῒ,
595 4211 709 4279 διανιιῒ
735 4217 769 4280 ot
798 4215 946 4280 sexoente
973 4209 1058 4291 alla,
1087 4211 1138 4302 (ut
1159 4213 1194 4279 in
1217 4211 1366 4302 dialogis)
1389 4215 1484 4282 toties

292 4338 422 4400 notatun
461 4331 565 4411 διηηιῖ
593 4333 629 4399 in
660 4330 878 4420 Μαίων),
913 4332 1006 4414 lewa
1040 4335 1075 4399 in
1108 4331 1182 4400 aliis
1215 4349 1283 4401 asse
1316 4337 1483 4423 seriptum.

292 4455 426 4537 Quoties
452 4461 485 4520 N
516 4454 1485 4541 mteoomonnntasponitaeetutinlpeemsaelsdmo-
