<?xml version="1.0" encoding="UTF-8"?>
<!DOCTYPE html PUBLIC "-//W3C//DTD XHTML 1.0 Transitional//EN"
    "http://www.w3.org/TR/xhtml1/DTD/xhtml1-transitional.dtd">
<html xmlns="http://www.w3.org/1999/xhtml" xml:lang="en" lang="en">
 <head>
  <title>
</title>
<meta http-equiv="Content-Type" content="text/html;charset=utf-8" />
  <meta name='ocr-system' content='tesseract 3.04.00' />
  <meta name='ocr-capabilities' content='ocr_page ocr_carea ocr_par ocr_line ocrx_word'/>
</head>
<body>
  <div class='ocr_page' id='page_1' title='image "./miscellaneacrit00cobegoog_0469.png"; bbox 0 0 3356 5084; ppageno 0'>
   <div class='ocr_carea' id='block_1_1' title="bbox 800 345 932 425">
    <p class='ocr_par' dir='ltr' id='par_1_1' title="bbox 800 345 932 425">
     <span class='ocr_line' id='line_1_1' title="bbox 800 345 932 425; baseline -0.053 0"><span class='ocrx_word' id='word_1_1' title='bbox 800 420 802 425; x_wconf 87' lang='lat'>.</span> <span class='ocrx_word' id='word_1_2' title='bbox 865 345 932 418; x_wconf 75' lang='lat'><strong>454</strong></span> 
     </span>
    </p>
   </div>
   <div class='ocr_carea' id='block_1_2' title="bbox 300 535 1495 1800">
    <p class='ocr_par' dir='ltr' id='par_1_2' title="bbox 300 535 1495 1160">
     <span class='ocr_line' id='line_1_2' title="bbox 300 535 1492 629; baseline -0.002 -25"><span class='ocrx_word' id='word_1_3' title='bbox 300 535 452 627; x_wconf 89' lang='lat' dir='ltr'><strong>Philippo</strong></span> <span class='ocrx_word' id='word_1_4' title='bbox 482 546 515 608; x_wconf 88' lang='grc'><strong>61</strong></span> <span class='ocrx_word' id='word_1_5' title='bbox 543 537 688 629; x_wconf 89' lang='lat' dir='ltr'><strong>Philippi</strong></span> <span class='ocrx_word' id='word_1_6' title='bbox 718 541 880 610; x_wconf 81' lang='lat' dir='ltr'><strong>sodalibus</strong></span> <span class='ocrx_word' id='word_1_7' title='bbox 903 561 965 608; x_wconf 89' lang='lat' dir='ltr'><strong>non</strong></span> <span class='ocrx_word' id='word_1_8' title='bbox 989 542 1118 608; x_wconf 88' lang='lat' dir='ltr'><strong>erubuit</strong></span> <span class='ocrx_word' id='word_1_9' title='bbox 1141 541 1277 608; x_wconf 87' lang='lat' dir='ltr'><strong>scribere</strong></span> <span class='ocrx_word' id='word_1_10' title='bbox 1299 535 1437 604; x_wconf 86' lang='lat' dir='ltr'><strong>mendax</strong></span> <span class='ocrx_word' id='word_1_11' title='bbox 1460 541 1492 604; x_wconf 90' lang='grc'><strong>61</strong></span> 
     </span>
     <span class='ocr_line' id='line_1_3' title="bbox 301 645 1495 736; baseline -0.002 -24"><span class='ocrx_word' id='word_1_12' title='bbox 301 647 478 714; x_wconf 88' lang='lat' dir='ltr'><strong>maledicus</strong></span> <span class='ocrx_word' id='word_1_13' title='bbox 505 647 729 735; x_wconf 75' lang='lat' dir='ltr'>Theopompus</span> <span class='ocrx_word' id='word_1_14' title='bbox 757 649 843 736; x_wconf 88' lang='lat' dir='ltr'><strong>apud</strong></span> <span class='ocrx_word' id='word_1_15' title='bbox 872 649 1075 716; x_wconf 78' lang='lat' dir='ltr'><strong>Athenaeum</strong></span> <span class='ocrx_word' id='word_1_16' title='bbox 1100 670 1174 736; x_wconf 91' lang='lat' dir='ltr'><strong>pag.</strong></span> <span class='ocrx_word' id='word_1_17' title='bbox 1201 645 1495 731; x_wconf 66' lang='lat' dir='ltr'><strong>iuuandarum</strong></span> 
     </span>
     <span class='ocr_line' id='line_1_4' title="bbox 302 751 1494 841; baseline -0.003 -23"><span class='ocrx_word' id='word_1_18' title='bbox 302 753 358 818; x_wconf 86' lang='grc'><strong>161</strong></span> <span class='ocrx_word' id='word_1_19' title='bbox 390 755 506 820; x_wconf 90' lang='lat' dir='ltr'><strong>merito</strong></span> <span class='ocrx_word' id='word_1_20' title='bbox 541 775 578 821; x_wconf 91' lang='grc'><strong>61</strong></span> <span class='ocrx_word' id='word_1_21' title='bbox 612 755 650 821; x_wconf 91' lang='grc'><strong>16</strong></span> <span class='ocrx_word' id='word_1_22' title='bbox 684 775 779 822; x_wconf 84' lang='grc'><strong>61111</strong></span> <span class='ocrx_word' id='word_1_23' title='bbox 811 757 986 841; x_wconf 86' lang='lat' dir='ltr'><strong>increpitus</strong></span> <span class='ocrx_word' id='word_1_24' title='bbox 1017 775 1034 820; x_wconf 91' lang='lat' dir='ltr'><strong>a</strong></span> <span class='ocrx_word' id='word_1_25' title='bbox 1064 754 1202 840; x_wconf 89' lang='lat' dir='ltr'><strong>Polybio</strong></span> <span class='ocrx_word' id='word_1_26' title='bbox 1232 751 1318 818; x_wconf 83' lang='lat' dir='ltr'><strong>VIII.</strong></span> <span class='ocrx_word' id='word_1_27' title='bbox 1352 751 1392 816; x_wconf 92' lang='lat' dir='ltr'><strong>ll</strong></span> <span class='ocrx_word' id='word_1_28' title='bbox 1426 771 1494 837; x_wconf 90' lang='lat' dir='ltr'><strong>sqq.</strong></span> 
     </span>
     <span class='ocr_line' id='line_1_5' title="bbox 302 857 1495 949; baseline 0.002 -25"><span class='ocrx_word' id='word_1_29' title='bbox 302 857 433 926; x_wconf 84' lang='lat' dir='ltr'><strong>Veriora</strong></span> <span class='ocrx_word' id='word_1_30' title='bbox 451 865 484 926; x_wconf 97' lang='grc'><strong>61</strong></span> <span class='ocrx_word' id='word_1_31' title='bbox 499 860 633 927; x_wconf 76' lang='lat' dir='ltr'><strong>meliora</strong></span> <span class='ocrx_word' id='word_1_32' title='bbox 651 863 832 948; x_wconf 88' lang='lat' dir='ltr'><strong>accepimus</strong></span> <span class='ocrx_word' id='word_1_33' title='bbox 851 863 891 928; x_wconf 91' lang='lat' dir='ltr'><strong>ab</strong></span> <span class='ocrx_word' id='word_1_34' title='bbox 908 863 987 948; x_wconf 90' lang='lat' dir='ltr'><strong>ipsis</strong></span> <span class='ocrx_word' id='word_1_35' title='bbox 1005 862 1250 928; x_wconf 80' lang='lat' dir='ltr'><strong>Atheniensium</strong></span> <span class='ocrx_word' id='word_1_36' title='bbox 1265 859 1384 949; x_wconf 83' lang='lat' dir='ltr'><strong>legatis</strong></span> <span class='ocrx_word' id='word_1_37' title='bbox 1397 859 1495 926; x_wconf 88' lang='lat' dir='ltr'><strong>modo</strong></span> 
     </span>
     <span class='ocr_line' id='line_1_6' title="bbox 304 961 1494 1054; baseline -0.002 -22"><span class='ocrx_word' id='word_1_38' title='bbox 304 985 323 1032; x_wconf 90' lang='lat' dir='ltr'><strong>a</strong></span> <span class='ocrx_word' id='word_1_39' title='bbox 352 965 503 1053; x_wconf 87' lang='lat' dir='ltr'><strong>Philippo</strong></span> <span class='ocrx_word' id='word_1_40' title='bbox 532 970 685 1054; x_wconf 85' lang='lat' dir='ltr'><strong>reversis,</strong></span> <span class='ocrx_word' id='word_1_41' title='bbox 715 969 800 1054; x_wconf 87' lang='lat' dir='ltr'><strong>apud</strong></span> <span class='ocrx_word' id='word_1_42' title='bbox 823 968 1013 1036; x_wconf 75' lang='lat' dir='ltr'><strong>Aeschinem</strong></span> <span class='ocrx_word' id='word_1_43' title='bbox 1036 969 1073 1033; x_wconf 81' lang='lat' dir='ltr'><strong>dc</strong></span> <span class='ocrx_word' id='word_1_44' title='bbox 1096 967 1191 1034; x_wconf 82' lang='lat' dir='ltr'><strong>Falsa</strong></span> <span class='ocrx_word' id='word_1_45' title='bbox 1212 968 1315 1052; x_wconf 74' lang='lat' dir='ltr'><strong>Lepet</strong></span> <span class='ocrx_word' id='word_1_46' title='bbox 1339 985 1415 1054; x_wconf 90' lang='lat' dir='ltr'><strong>pag.</strong></span> <span class='ocrx_word' id='word_1_47' title='bbox 1439 961 1494 1031; x_wconf 82' lang='grc'><strong>33.</strong></span> 
     </span>
     <span class='ocr_line' id='line_1_7' title="bbox 306 1069 673 1160; baseline 0 -22"><span class='ocrx_word' id='word_1_48' title='bbox 306 1069 360 1138; x_wconf 81' lang='grc'><strong>30.</strong></span> <span class='ocrx_word' id='word_1_49' title='bbox 385 1077 417 1138; x_wconf 87' lang='grc'><strong>61</strong></span> <span class='ocrx_word' id='word_1_50' title='bbox 440 1091 515 1160; x_wconf 85' lang='lat' dir='ltr'><strong>pag.</strong></span> <span class='ocrx_word' id='word_1_51' title='bbox 540 1071 593 1138; x_wconf 79' lang='lat'><strong>34.</strong></span> <span class='ocrx_word' id='word_1_52' title='bbox 619 1071 673 1140; x_wconf 79' lang='lat'><strong>38.</strong></span> 
     </span>
    </p>

    <p class='ocr_par' dir='ltr' id='par_1_3' title="bbox 302 1175 1494 1800">
     <span class='ocr_line' id='line_1_8' title="bbox 347 1175 1494 1266; baseline 0.001 -22"><span class='ocrx_word' id='word_1_53' title='bbox 347 1179 431 1260; x_wconf 82' lang='lat' dir='ltr'><strong>Quid</strong></span> <span class='ocrx_word' id='word_1_54' title='bbox 464 1178 508 1244; x_wconf 92' lang='lat' dir='ltr'><strong>sit</strong></span> <span class='ocrx_word' id='word_1_55' title='bbox 538 1178 638 1262; x_wconf 67' lang='grc'><strong>111111</strong></span> <span class='ocrx_word' id='word_1_56' title='bbox 668 1178 734 1259; x_wconf 72' lang='grc' dir='ltr'><strong>περὶ</strong></span> <span class='ocrx_word' id='word_1_57' title='bbox 758 1179 867 1246; x_wconf 80' lang='grc' dir='ltr'><strong><em>ἑαυτὸν</em></strong></span> <span class='ocrx_word' id='word_1_58' title='bbox 890 1177 976 1262; x_wconf 79' lang='grc' dir='ltr'><strong><em>ἔχειν</em></strong></span> <span class='ocrx_word' id='word_1_59' title='bbox 998 1179 1120 1266; x_wconf 90' lang='lat' dir='ltr'><strong>optime</strong></span> <span class='ocrx_word' id='word_1_60' title='bbox 1142 1177 1305 1266; x_wconf 78' lang='lat' dir='ltr'><strong>intelliges</strong></span> <span class='ocrx_word' id='word_1_61' title='bbox 1329 1199 1368 1244; x_wconf 84' lang='lat' dir='ltr'><strong>ex</strong></span> <span class='ocrx_word' id='word_1_62' title='bbox 1392 1175 1494 1245; x_wconf 70' lang='lat' dir='ltr'><strong>Theo-</strong></span> 
     </span>
     <span class='ocr_line' id='line_1_9' title="bbox 302 1283 1492 1374; baseline -0.004 -21"><span class='ocrx_word' id='word_1_63' title='bbox 302 1288 414 1374; x_wconf 92' lang='lat' dir='ltr'><strong>pompi</strong></span> <span class='ocrx_word' id='word_1_64' title='bbox 434 1283 631 1364; x_wconf 85' lang='lat' dir='ltr'><strong>maledictis,</strong></span> <span class='ocrx_word' id='word_1_65' title='bbox 656 1287 715 1352; x_wconf 91' lang='lat' dir='ltr'><strong>ubi</strong></span> <span class='ocrx_word' id='word_1_66' title='bbox 736 1286 887 1353; x_wconf 84' lang='lat' dir='ltr'><strong>dicuutur</strong></span> <span class='ocrx_word' id='word_1_67' title='bbox 908 1285 1054 1373; x_wconf 89' lang='lat' dir='ltr'><strong>Philippi</strong></span> <span class='ocrx_word' id='word_1_68' title='bbox 1077 1284 1200 1352; x_wconf 88' lang='grc'><strong>1616161</strong></span> <span class='ocrx_word' id='word_1_69' title='bbox 1223 1285 1276 1366; x_wconf 75' lang='grc' dir='ltr'><strong>ζῆν</strong></span> <span class='ocrx_word' id='word_1_70' title='bbox 1295 1285 1339 1363; x_wconf 63' lang='grc' dir='ltr'><strong>μὴ</strong></span> <span class='ocrx_word' id='word_1_71' title='bbox 1359 1283 1492 1362; x_wconf 70' lang='lat' dir='ltr'><strong>xorploe</strong></span> 
     </span>
     <span class='ocr_line' id='line_1_10' title="bbox 303 1389 1492 1477; baseline -0.002 -19"><span class='ocrx_word' id='word_1_72' title='bbox 303 1395 380 1458; x_wconf 72' lang='grc' dir='ltr'><strong>ἀλλ’</strong></span> <span class='ocrx_word' id='word_1_73' title='bbox 411 1393 536 1464; x_wconf 56' lang='lat' dir='ltr'><strong>&amp;trec</strong></span> <span class='ocrx_word' id='word_1_74' title='bbox 563 1391 614 1456; x_wconf 76' lang='grc' dir='ltr'><strong><em>καὶ</em></strong></span> <span class='ocrx_word' id='word_1_75' title='bbox 640 1400 703 1465; x_wconf 77' lang='grc' dir='ltr'><strong><em>ταῖς</em></strong></span> <span class='ocrx_word' id='word_1_76' title='bbox 726 1399 837 1474; x_wconf 59' lang='grc' dir='ltr'><strong><em>λψς-αῖς</em></strong></span> <span class='ocrx_word' id='word_1_77' title='bbox 861 1392 1108 1473; x_wconf 69' lang='grc' dir='ltr'><strong>παραπλησίως,</strong></span> <span class='ocrx_word' id='word_1_78' title='bbox 1134 1395 1259 1477; x_wconf 87' lang='lat' dir='ltr'><strong>etpost</strong></span> <span class='ocrx_word' id='word_1_79' title='bbox 1281 1407 1397 1476; x_wconf 84' lang='lat' dir='ltr'><strong>pauca:</strong></span> <span class='ocrx_word' id='word_1_80' title='bbox 1422 1389 1492 1456; x_wconf 73' lang='lat' dir='ltr'><strong>cirri</strong></span> 
     </span>
     <span class='ocr_line' id='line_1_11' title="bbox 302 1495 1494 1582; baseline -0.002 -18"><span class='ocrx_word' id='word_1_81' title='bbox 302 1500 361 1579; x_wconf 74' lang='grc' dir='ltr'><strong>μὲν</strong></span> <span class='ocrx_word' id='word_1_82' title='bbox 389 1503 443 1564; x_wconf 82' lang='grc' dir='ltr'><strong>τοῦ</strong></span> <span class='ocrx_word' id='word_1_83' title='bbox 473 1498 581 1580; x_wconf 71' lang='grc' dir='ltr'><strong><em>νήφειν</em></strong></span> <span class='ocrx_word' id='word_1_84' title='bbox 609 1499 644 1564; x_wconf 77' lang='grc' dir='ltr'><strong>τὸ</strong></span> <span class='ocrx_word' id='word_1_85' title='bbox 666 1498 789 1578; x_wconf 78' lang='grc' dir='ltr'><strong><em>μεθύειν</em></strong></span> <span class='ocrx_word' id='word_1_86' title='bbox 811 1497 960 1582; x_wconf 65' lang='lat' dir='ltr'><strong>lyricos,</strong></span> <span class='ocrx_word' id='word_1_87' title='bbox 984 1498 1053 1563; x_wconf 69' lang='grc' dir='ltr'><strong><em>ἀντὶ</em></strong></span> <span class='ocrx_word' id='word_1_88' title='bbox 1078 1497 1109 1563; x_wconf 74' lang='grc' dir='ltr'><strong>δὲ</strong></span> <span class='ocrx_word' id='word_1_89' title='bbox 1132 1501 1186 1563; x_wconf 82' lang='grc' dir='ltr'><strong>τοῦ</strong></span> <span class='ocrx_word' id='word_1_90' title='bbox 1209 1498 1341 1576; x_wconf 68' lang='grc' dir='ltr'><strong><em>κοσμίως</em></strong></span> <span class='ocrx_word' id='word_1_91' title='bbox 1366 1495 1419 1576; x_wconf 77' lang='grc' dir='ltr'><strong>ζῆν</strong></span> <span class='ocrx_word' id='word_1_92' title='bbox 1442 1496 1494 1578; x_wconf 80' lang='lat' dir='ltr'><strong>cip·</strong></span> 
     </span>
     <span class='ocr_line' id='line_1_12' title="bbox 305 1602 1494 1689; baseline -0.004 -16"><span class='ocrx_word' id='word_1_93' title='bbox 305 1605 417 1689; x_wconf 72' lang='grc' dir='ltr'><strong><em>τιέζειν</em></strong></span> <span class='ocrx_word' id='word_1_94' title='bbox 446 1603 498 1670; x_wconf 73' lang='grc' dir='ltr'><strong>καὶ</strong></span> <span class='ocrx_word' id='word_1_95' title='bbox 523 1604 661 1687; x_wconf 76' lang='grc' dir='ltr'><strong><em>Φινεύειν</em></strong></span> <span class='ocrx_word' id='word_1_96' title='bbox 685 1602 818 1686; x_wconf 71' lang='grc' dir='ltr'><strong>ἐζήτουν.</strong></span> <span class='ocrx_word' id='word_1_97' title='bbox 841 1604 902 1672; x_wconf 86' lang='lat' dir='ltr'><strong>hoc</strong></span> <span class='ocrx_word' id='word_1_98' title='bbox 925 1606 1012 1672; x_wconf 88' lang='lat' dir='ltr'><strong>enim</strong></span> <span class='ocrx_word' id='word_1_99' title='bbox 1037 1608 1086 1671; x_wconf 89' lang='lat' dir='ltr'><strong>est</strong></span> <span class='ocrx_word' id='word_1_100' title='bbox 1108 1605 1256 1670; x_wconf 75' lang='lat' dir='ltr'><strong>latronem</strong></span> <span class='ocrx_word' id='word_1_101' title='bbox 1278 1603 1494 1688; x_wconf 71' lang='lat' dir='ltr'><strong>weelnere,</strong></span> 
     </span>
     <span class='ocr_line' id='line_1_13' title="bbox 304 1709 753 1800; baseline -0.007 -20"><span class='ocrx_word' id='word_1_102' title='bbox 304 1713 432 1800; x_wconf 87' lang='lat' dir='ltr'><strong>rapinas</strong></span> <span class='ocrx_word' id='word_1_103' title='bbox 454 1715 487 1776; x_wconf 87' lang='grc'><strong>61</strong></span> <span class='ocrx_word' id='word_1_104' title='bbox 507 1709 618 1778; x_wconf 84' lang='lat' dir='ltr'><strong>caedes</strong></span> <span class='ocrx_word' id='word_1_105' title='bbox 640 1710 753 1778; x_wconf 85' lang='lat' dir='ltr'><strong>fecere.</strong></span> 
     </span>
    </p>
   </div>
   <div class='ocr_carea' id='block_1_3' title="bbox 301 1915 1496 4557">
    <p class='ocr_par' dir='ltr' id='par_1_4' title="bbox 303 1915 1495 2964">
     <span class='ocr_line' id='line_1_14' title="bbox 350 1915 1495 2013; baseline -0.003 -23"><span class='ocrx_word' id='word_1_106' title='bbox 350 1924 431 2013; x_wconf 83' lang='lat' dir='ltr'><strong>Peg.</strong></span> <span class='ocrx_word' id='word_1_107' title='bbox 463 1917 518 1986; x_wconf 83' lang='lat'><strong>24.</strong></span> <span class='ocrx_word' id='word_1_108' title='bbox 549 1915 603 1986; x_wconf 84' lang='lat'><strong>17.</strong></span> <span class='ocrx_word' id='word_1_109' title='bbox 635 1917 664 1984; x_wconf 79' lang='lat' dir='ltr'><strong>si</strong></span> <span class='ocrx_word' id='word_1_110' title='bbox 684 1944 731 1992; x_wconf 74' lang='lat' dir='ltr'><strong>ric</strong></span> <span class='ocrx_word' id='word_1_111' title='bbox 756 1917 869 2000; x_wconf 73' lang='grc' dir='ltr'><strong><em>αἵρεσίν</em></strong></span> <span class='ocrx_word' id='word_1_112' title='bbox 892 1944 944 1999; x_wconf 84' lang='grc' dir='ltr'><strong>μοι</strong></span> <span class='ocrx_word' id='word_1_113' title='bbox 968 1929 1086 1987; x_wconf 83' lang='grc' dir='ltr'><strong>ΔΟΙΗ.</strong></span> <span class='ocrx_word' id='word_1_114' title='bbox 1111 1919 1135 1986; x_wconf 79' lang='lat' dir='ltr'>S</span> <span class='ocrx_word' id='word_1_115' title='bbox 1158 1920 1238 1996; x_wconf 74' lang='grc' dir='ltr'><strong>δώιιι.</strong></span> <span class='ocrx_word' id='word_1_116' title='bbox 1284 1919 1495 1988; x_wconf 75' lang='lat' dir='ltr'><strong>Tralaticium</strong></span> 
     </span>
     <span class='ocr_line' id='line_1_15' title="bbox 305 2024 1492 2111; baseline -0.005 -12"><span class='ocrx_word' id='word_1_117' title='bbox 305 2035 339 2099; x_wconf 90' lang='lat' dir='ltr'><strong>in</strong></span> <span class='ocrx_word' id='word_1_118' title='bbox 372 2029 465 2096; x_wconf 89' lang='lat' dir='ltr'><strong>libris</strong></span> <span class='ocrx_word' id='word_1_119' title='bbox 499 2026 559 2092; x_wconf 89' lang='lat' dir='ltr'><strong>hoc</strong></span> <span class='ocrx_word' id='word_1_120' title='bbox 593 2024 747 2092; x_wconf 90' lang='lat' dir='ltr'><strong>mendum</strong></span> <span class='ocrx_word' id='word_1_121' title='bbox 782 2030 830 2092; x_wconf 84' lang='lat' dir='ltr'><strong>est</strong></span> <span class='ocrx_word' id='word_1_122' title='bbox 860 2045 899 2094; x_wconf 86' lang='lat' dir='ltr'><strong>er</strong></span> <span class='ocrx_word' id='word_1_123' title='bbox 930 2025 1161 2094; x_wconf 74' lang='lat' dir='ltr'><strong>Graeculorum</strong></span> <span class='ocrx_word' id='word_1_124' title='bbox 1197 2027 1336 2111; x_wconf 71' lang='grc' dir='ltr'><strong><em>σννηθείᾳ</em></strong></span> <span class='ocrx_word' id='word_1_125' title='bbox 1370 2031 1492 2094; x_wconf 89' lang='lat' dir='ltr'><strong>natum</strong></span> 
     </span>
     <span class='ocr_line' id='line_1_16' title="bbox 307 2129 1495 2224; baseline -0.003 -22"><span class='ocrx_word' id='word_1_126' title='bbox 307 2137 474 2224; x_wconf 82' lang='lat' dir='ltr'><strong>Sequiorss</strong></span> <span class='ocrx_word' id='word_1_127' title='bbox 503 2134 590 2200; x_wconf 90' lang='lat' dir='ltr'><strong>enim</strong></span> <span class='ocrx_word' id='word_1_128' title='bbox 621 2152 746 2218; x_wconf 85' lang='lat' dir='ltr'><strong>semper</strong></span> <span class='ocrx_word' id='word_1_129' title='bbox 776 2135 824 2198; x_wconf 90' lang='grc'><strong>111</strong></span> <span class='ocrx_word' id='word_1_130' title='bbox 852 2138 984 2220; x_wconf 87' lang='lat' dir='ltr'><strong>peccant</strong></span> <span class='ocrx_word' id='word_1_131' title='bbox 1013 2134 1048 2198; x_wconf 91' lang='lat' dir='ltr'><strong>iu</strong></span> <span class='ocrx_word' id='word_1_132' title='bbox 1074 2129 1169 2214; x_wconf 75' lang='grc' dir='ltr'><strong><em>δῷιιν,</em></strong></span> <span class='ocrx_word' id='word_1_133' title='bbox 1192 2131 1315 2216; x_wconf 61' lang='lat' dir='ltr'><strong>Aetna,</strong></span> <span class='ocrx_word' id='word_1_134' title='bbox 1340 2132 1441 2216; x_wconf 73' lang='grc' dir='ltr'><strong><em>ννῷιιν</em></strong></span> <span class='ocrx_word' id='word_1_135' title='bbox 1464 2139 1495 2202; x_wconf 88' lang='grc'><strong>61</strong></span> 
     </span>
     <span class='ocr_line' id='line_1_17' title="bbox 304 2238 1495 2326; baseline -0.003 -17"><span class='ocrx_word' id='word_1_136' title='bbox 304 2242 419 2326; x_wconf 77' lang='grc' dir='ltr'><strong><em>βιῴιιν,</em></strong></span> <span class='ocrx_word' id='word_1_137' title='bbox 452 2259 531 2326; x_wconf 83' lang='lat' dir='ltr'><strong>quas</strong></span> <span class='ocrx_word' id='word_1_138' title='bbox 562 2238 679 2304; x_wconf 86' lang='lat' dir='ltr'><strong>formas</strong></span> <span class='ocrx_word' id='word_1_139' title='bbox 710 2243 819 2305; x_wconf 80' lang='lat' dir='ltr'><strong>contre</strong></span> <span class='ocrx_word' id='word_1_140' title='bbox 848 2245 995 2310; x_wconf 78' lang='lat' dir='ltr'><strong>veterum</strong></span> <span class='ocrx_word' id='word_1_141' title='bbox 1018 2259 1113 2305; x_wconf 89' lang='lat' dir='ltr'><strong>usum</strong></span> <span class='ocrx_word' id='word_1_142' title='bbox 1137 2242 1348 2306; x_wconf 85' lang='lat' dir='ltr'><strong>strationem</strong></span> <span class='ocrx_word' id='word_1_143' title='bbox 1372 2260 1495 2308; x_wconf 84' lang='lat' dir='ltr'><strong>accom-</strong></span> 
     </span>
     <span class='ocr_line' id='line_1_18' title="bbox 305 2341 1494 2432; baseline -0.004 -13"><span class='ocrx_word' id='word_1_144' title='bbox 305 2350 478 2419; x_wconf 87' lang='lat' dir='ltr'><strong>modabant</strong></span> <span class='ocrx_word' id='word_1_145' title='bbox 516 2345 556 2411; x_wconf 90' lang='grc'><strong>11</strong></span> <span class='ocrx_word' id='word_1_146' title='bbox 596 2341 704 2426; x_wconf 73' lang='grc' dir='ltr'><strong><em>δρῴην,</em></strong></span> <span class='ocrx_word' id='word_1_147' title='bbox 748 2341 886 2426; x_wconf 71' lang='grc' dir='ltr'><strong><em>γελῴην,</em></strong></span> <span class='ocrx_word' id='word_1_148' title='bbox 929 2343 1059 2427; x_wconf 61' lang='lat' dir='ltr'><strong>rippas,</strong></span> <span class='ocrx_word' id='word_1_149' title='bbox 1106 2344 1261 2431; x_wconf 75' lang='grc' dir='ltr'><strong><em>τιλμῴην,</em></strong></span> <span class='ocrx_word' id='word_1_150' title='bbox 1302 2347 1494 2432; x_wconf 83' lang='lat' dir='ltr'><strong>quibuscum</strong></span> 
     </span>
     <span class='ocr_line' id='line_1_19' title="bbox 305 2447 1494 2539; baseline -0.005 -14"><span class='ocrx_word' id='word_1_151' title='bbox 305 2455 388 2525; x_wconf 90' lang='lat' dir='ltr'><strong>nihil</strong></span> <span class='ocrx_word' id='word_1_152' title='bbox 418 2453 538 2519; x_wconf 87' lang='lat' dir='ltr'><strong>habent</strong></span> <span class='ocrx_word' id='word_1_153' title='bbox 567 2452 699 2538; x_wconf 86' lang='lat' dir='ltr'><strong>negotii.</strong></span> <span class='ocrx_word' id='word_1_154' title='bbox 746 2447 912 2518; x_wconf 79' lang='lat' dir='ltr'><strong>Contrario</strong></span> <span class='ocrx_word' id='word_1_155' title='bbox 942 2472 1045 2519; x_wconf 87' lang='lat' dir='ltr'><strong>errore</strong></span> <span class='ocrx_word' id='word_1_156' title='bbox 1066 2453 1238 2539; x_wconf 85' lang='lat' dir='ltr'><strong>peccabunt</strong></span> <span class='ocrx_word' id='word_1_157' title='bbox 1261 2453 1294 2520; x_wconf 89' lang='lat' dir='ltr'><strong>in</strong></span> <span class='ocrx_word' id='word_1_158' title='bbox 1319 2455 1494 2520; x_wconf 86' lang='lat' dir='ltr'><strong>coniuncti·</strong></span> 
     </span>
     <span class='ocr_line' id='line_1_20' title="bbox 304 2555 1495 2645; baseline 0 -19"><span class='ocrx_word' id='word_1_159' title='bbox 304 2566 372 2643; x_wconf 81' lang='lat' dir='ltr'><strong>vis,</strong></span> <span class='ocrx_word' id='word_1_160' title='bbox 396 2565 435 2626; x_wconf 90' lang='lat' dir='ltr'><strong>ut</strong></span> <span class='ocrx_word' id='word_1_161' title='bbox 456 2558 541 2645; x_wconf 86' lang='lat' dir='ltr'><strong>apud</strong></span> <span class='ocrx_word' id='word_1_162' title='bbox 563 2555 732 2624; x_wconf 87' lang='lat' dir='ltr'><strong>Platonem</strong></span> <span class='ocrx_word' id='word_1_163' title='bbox 755 2559 792 2622; x_wconf 83' lang='lat' dir='ltr'><strong>ds</strong></span> <span class='ocrx_word' id='word_1_164' title='bbox 814 2558 902 2640; x_wconf 73' lang='lat' dir='ltr'><strong>Depp.</strong></span> <span class='ocrx_word' id='word_1_165' title='bbox 926 2578 955 2644; x_wconf 87' lang='lat' dir='ltr'><strong>p.</strong></span> <span class='ocrx_word' id='word_1_166' title='bbox 983 2556 1370 2630; x_wconf 66' lang='grc'><strong>136611611116</strong></span> <span class='ocrx_word' id='word_1_167' title='bbox 1388 2560 1495 2642; x_wconf 75' lang='grc' dir='ltr'><strong><em>χρόνον</em></strong></span> 
     </span>
     <span class='ocr_line' id='line_1_21' title="bbox 304 2661 1494 2752; baseline -0.003 -17"><span class='ocrx_word' id='word_1_168' title='bbox 304 2669 419 2745; x_wconf 57' lang='lat' dir='ltr'><strong>&amp;Antist</strong></span> <span class='ocrx_word' id='word_1_169' title='bbox 443 2663 482 2730; x_wconf 76' lang='lat' dir='ltr'><strong>clv</strong></span> <span class='ocrx_word' id='word_1_170' title='bbox 504 2662 671 2740; x_wconf 71' lang='grc' dir='ltr'><strong><em>διαβιοῖ.</em></strong></span> <span class='ocrx_word' id='word_1_171' title='bbox 699 2684 814 2750; x_wconf 86' lang='lat' dir='ltr'><strong>nempe</strong></span> <span class='ocrx_word' id='word_1_172' title='bbox 837 2661 1279 2749; x_wconf 71' lang='grc' dir='ltr'><strong>διαβιαῒ11111661,διαβιῷ</strong></span> <span class='ocrx_word' id='word_1_173' title='bbox 1303 2665 1494 2752; x_wconf 87' lang='lat' dir='ltr'><strong>dicendum,</strong></span> 
     </span>
     <span class='ocr_line' id='line_1_22' title="bbox 305 2768 1495 2856; baseline -0.002 -14"><span class='ocrx_word' id='word_1_174' title='bbox 305 2782 344 2842; x_wconf 92' lang='lat' dir='ltr'><strong>ut</strong></span> <span class='ocrx_word' id='word_1_175' title='bbox 366 2775 425 2856; x_wconf 76' lang='grc' dir='ltr'><strong>δῶ,</strong></span> <span class='ocrx_word' id='word_1_176' title='bbox 450 2769 531 2855; x_wconf 76' lang='grc' dir='ltr'><strong><em>γνῶ,</em></strong></span> <span class='ocrx_word' id='word_1_177' title='bbox 554 2769 647 2849; x_wconf 79' lang='grc' dir='ltr'><strong><em>ἤντει</em></strong></span> <span class='ocrx_word' id='word_1_178' title='bbox 672 2769 737 2850; x_wconf 72' lang='grc' dir='ltr'><strong>ἁλῶ</strong></span> <span class='ocrx_word' id='word_1_179' title='bbox 761 2793 830 2836; x_wconf 78' lang='grc' dir='ltr'><strong>τιν.</strong></span> <span class='ocrx_word' id='word_1_180' title='bbox 878 2768 1059 2838; x_wconf 80' lang='lat' dir='ltr'><strong>Sexcenties</strong></span> <span class='ocrx_word' id='word_1_181' title='bbox 1081 2771 1129 2835; x_wconf 90' lang='lat' dir='ltr'><strong>ita</strong></span> <span class='ocrx_word' id='word_1_182' title='bbox 1151 2774 1275 2836; x_wconf 89' lang='lat' dir='ltr'><strong>erratur</strong></span> <span class='ocrx_word' id='word_1_183' title='bbox 1291 2772 1325 2838; x_wconf 90' lang='lat' dir='ltr'><strong>in</strong></span> <span class='ocrx_word' id='word_1_184' title='bbox 1346 2774 1495 2840; x_wconf 90' lang='lat' dir='ltr'><strong>omnibus</strong></span> 
     </span>
     <span class='ocr_line' id='line_1_23' title="bbox 303 2875 1493 2964; baseline -0.003 -16"><span class='ocrx_word' id='word_1_185' title='bbox 303 2881 395 2948; x_wconf 89' lang='lat' dir='ltr'><strong>libris</strong></span> <span class='ocrx_word' id='word_1_186' title='bbox 417 2875 502 2964; x_wconf 85' lang='lat' dir='ltr'><strong>apud</strong></span> <span class='ocrx_word' id='word_1_187' title='bbox 523 2895 634 2942; x_wconf 91' lang='lat' dir='ltr'><strong>omnes</strong></span> <span class='ocrx_word' id='word_1_188' title='bbox 657 2877 756 2940; x_wconf 86' lang='lat' dir='ltr'><strong>etiam</strong></span> <span class='ocrx_word' id='word_1_189' title='bbox 780 2875 865 2962; x_wconf 87' lang='lat' dir='ltr'><strong>apud</strong></span> <span class='ocrx_word' id='word_1_190' title='bbox 887 2875 1083 2950; x_wconf 87' lang='lat' dir='ltr'><strong>Homerum,</strong></span> <span class='ocrx_word' id='word_1_191' title='bbox 1109 2880 1148 2942; x_wconf 93' lang='lat' dir='ltr'><strong>ut</strong></span> <span class='ocrx_word' id='word_1_192' title='bbox 1171 2877 1206 2942; x_wconf 93' lang='lat' dir='ltr'><strong>in</strong></span> <span class='ocrx_word' id='word_1_193' title='bbox 1229 2875 1333 2964; x_wconf 85' lang='lat' dir='ltr'><strong>Odyss</strong></span> <span class='ocrx_word' id='word_1_194' title='bbox 1364 2888 1395 2946; x_wconf 83' lang='grc' dir='ltr'><strong>Ξ.</strong></span> <span class='ocrx_word' id='word_1_195' title='bbox 1418 2877 1493 2946; x_wconf 83' lang='grc'><strong>183.</strong></span> 
     </span>
    </p>

    <p class='ocr_par' dir='ltr' id='par_1_5' title="bbox 301 2978 1496 4557">
     <span class='ocr_line' id='line_1_24' title="bbox 664 2978 1099 3063; baseline 0.007 -18"><span class='ocrx_word' id='word_1_196' title='bbox 664 2981 681 3056; x_wconf 73' lang='grc' dir='ltr'><strong><em>ἦ</em></strong></span> <span class='ocrx_word' id='word_1_197' title='bbox 705 3004 755 3046; x_wconf 90' lang='grc' dir='ltr'><strong><em>ιιεν</em></strong></span> <span class='ocrx_word' id='word_1_198' title='bbox 778 2978 863 3063; x_wconf 72' lang='lat' dir='ltr'><strong>eain</strong></span> <span class='ocrx_word' id='word_1_199' title='bbox 889 2982 906 3058; x_wconf 80' lang='lat' dir='ltr'><strong>i</strong></span> <span class='ocrx_word' id='word_1_200' title='bbox 931 3007 965 3048; x_wconf 82' lang='grc' dir='ltr'><strong>κε</strong></span> <span class='ocrx_word' id='word_1_201' title='bbox 988 2981 1099 3063; x_wconf 66' lang='lat' dir='ltr'><strong>otyor.</strong></span> 
     </span>
     <span class='ocr_line' id='line_1_25' title="bbox 304 3085 1495 3181; baseline -0.001 -22"><span class='ocrx_word' id='word_1_202' title='bbox 304 3113 361 3181; x_wconf 91' lang='lat' dir='ltr'><strong>pro</strong></span> <span class='ocrx_word' id='word_1_203' title='bbox 390 3088 493 3164; x_wconf 73' lang='grc'><strong>11111.</strong></span> <span class='ocrx_word' id='word_1_204' title='bbox 542 3085 605 3153; x_wconf 78' lang='lat' dir='ltr'><strong>Sed</strong></span> <span class='ocrx_word' id='word_1_205' title='bbox 626 3085 710 3152; x_wconf 91' lang='lat' dir='ltr'><strong>nihil</strong></span> <span class='ocrx_word' id='word_1_206' title='bbox 734 3092 782 3152; x_wconf 90' lang='lat' dir='ltr'><strong>est</strong></span> <span class='ocrx_word' id='word_1_207' title='bbox 805 3087 931 3155; x_wconf 85' lang='lat' dir='ltr'><strong>facilius</strong></span> <span class='ocrx_word' id='word_1_208' title='bbox 954 3109 1050 3176; x_wconf 86' lang='lat' dir='ltr'><strong>quem</strong></span> <span class='ocrx_word' id='word_1_209' title='bbox 1075 3089 1194 3156; x_wconf 76' lang='lat' dir='ltr'><strong>formas</strong></span> <span class='ocrx_word' id='word_1_210' title='bbox 1216 3091 1362 3175; x_wconf 79' lang='lat' dir='ltr'><strong>antiques</strong></span> <span class='ocrx_word' id='word_1_211' title='bbox 1385 3095 1419 3158; x_wconf 89' lang='grc'><strong>61</strong></span> <span class='ocrx_word' id='word_1_212' title='bbox 1440 3113 1495 3181; x_wconf 89' lang='lat' dir='ltr'><strong>ge·</strong></span> 
     </span>
     <span class='ocr_line' id='line_1_26' title="bbox 302 3193 1492 3280; baseline 0.001 -15"><span class='ocrx_word' id='word_1_213' title='bbox 302 3200 417 3266; x_wconf 89' lang='lat' dir='ltr'><strong>nuinas</strong></span> <span class='ocrx_word' id='word_1_214' title='bbox 440 3216 459 3261; x_wconf 89' lang='lat' dir='ltr'><strong>a</strong></span> <span class='ocrx_word' id='word_1_215' title='bbox 480 3193 569 3260; x_wconf 85' lang='lat' dir='ltr'><strong>falsis</strong></span> <span class='ocrx_word' id='word_1_216' title='bbox 592 3193 776 3259; x_wconf 84' lang='lat' dir='ltr'><strong>discernere.</strong></span> <span class='ocrx_word' id='word_1_217' title='bbox 824 3193 996 3262; x_wconf 84' lang='lat' dir='ltr'><strong>Miraberis</strong></span> <span class='ocrx_word' id='word_1_218' title='bbox 1015 3199 1126 3261; x_wconf 87' lang='lat' dir='ltr'><strong>autem</strong></span> <span class='ocrx_word' id='word_1_219' title='bbox 1146 3216 1242 3280; x_wconf 87' lang='lat' dir='ltr'><strong>quam</strong></span> <span class='ocrx_word' id='word_1_220' title='bbox 1262 3194 1327 3262; x_wconf 83' lang='lat' dir='ltr'><strong>fere</strong></span> <span class='ocrx_word' id='word_1_221' title='bbox 1346 3203 1492 3266; x_wconf 81' lang='lat' dir='ltr'><strong>constan·</strong></span> 
     </span>
     <span class='ocr_line' id='line_1_27' title="bbox 302 3299 1492 3387; baseline -0.003 -14"><span class='ocrx_word' id='word_1_222' title='bbox 302 3314 352 3374; x_wconf 89' lang='lat' dir='ltr'><strong>ter</strong></span> <span class='ocrx_word' id='word_1_223' title='bbox 370 3307 405 3370; x_wconf 91' lang='lat' dir='ltr'><strong>in</strong></span> <span class='ocrx_word' id='word_1_224' title='bbox 424 3299 586 3370; x_wconf 88' lang='lat' dir='ltr'><strong>nonnullis</strong></span> <span class='ocrx_word' id='word_1_225' title='bbox 604 3299 754 3387; x_wconf 75' lang='lat' dir='ltr'><strong>magistri</strong></span> <span class='ocrx_word' id='word_1_226' title='bbox 772 3304 805 3366; x_wconf 93' lang='lat' dir='ltr'><strong>et</strong></span> <span class='ocrx_word' id='word_1_227' title='bbox 823 3303 943 3368; x_wconf 84' lang='lat' dir='ltr'><strong>scribae</strong></span> <span class='ocrx_word' id='word_1_228' title='bbox 962 3307 1085 3372; x_wconf 76' lang='lat' dir='ltr'><strong>veteres</strong></span> <span class='ocrx_word' id='word_1_229' title='bbox 1104 3303 1222 3372; x_wconf 85' lang='lat' dir='ltr'><strong>lormes</strong></span> <span class='ocrx_word' id='word_1_230' title='bbox 1242 3303 1492 3372; x_wconf 85' lang='lat' dir='ltr'><strong>obliteraverint.</strong></span> 
     </span>
     <span class='ocr_line' id='line_1_28' title="bbox 304 3404 1492 3494; baseline -0.003 -16"><span class='ocrx_word' id='word_1_231' title='bbox 304 3420 364 3488; x_wconf 75' lang='grc' dir='ltr'><strong>Ζῆν</strong></span> <span class='ocrx_word' id='word_1_232' title='bbox 383 3409 480 3476; x_wconf 88' lang='lat' dir='ltr'><strong>habet</strong></span> <span class='ocrx_word' id='word_1_233' title='bbox 498 3407 653 3472; x_wconf 88' lang='lat' dir='ltr'><strong>aoristum</strong></span> <span class='ocrx_word' id='word_1_234' title='bbox 671 3404 795 3484; x_wconf 83' lang='grc' dir='ltr'><strong><em>βιῶναι,</em></strong></span> <span class='ocrx_word' id='word_1_235' title='bbox 816 3426 890 3471; x_wconf 89' lang='lat' dir='ltr'><strong>oum</strong></span> <span class='ocrx_word' id='word_1_236' title='bbox 911 3411 1095 3494; x_wconf 87' lang='lat' dir='ltr'><strong>compositis</strong></span> <span class='ocrx_word' id='word_1_237' title='bbox 1115 3409 1297 3488; x_wconf 73' lang='grc' dir='ltr'><strong><em>διαβιῶναι,</em></strong></span> <span class='ocrx_word' id='word_1_238' title='bbox 1315 3410 1477 3488; x_wconf 78' lang='grc' dir='ltr'><strong><em>ἐπιβιῶναι</em></strong></span> <span class='ocrx_word' id='word_1_239' title='bbox 1483 3457 1492 3488; x_wconf 92' lang='grc'><strong><em>,</em></strong></span> 
     </span>
     <span class='ocr_line' id='line_1_29' title="bbox 303 3511 1491 3598; baseline -0.003 -13"><span class='ocrx_word' id='word_1_240' title='bbox 303 3515 512 3595; x_wconf 73' lang='grc' dir='ltr'><strong><em>καταβιῶναι,</em></strong></span> <span class='ocrx_word' id='word_1_241' title='bbox 533 3511 718 3590; x_wconf 69' lang='grc' dir='ltr'><strong><em>ἀναβιῶναι,</em></strong></span> <span class='ocrx_word' id='word_1_242' title='bbox 741 3511 824 3578; x_wconf 86' lang='lat' dir='ltr'><strong>aliis.</strong></span> <span class='ocrx_word' id='word_1_243' title='bbox 861 3511 1032 3598; x_wconf 81' lang='lat' dir='ltr'><strong>Optativus</strong></span> <span class='ocrx_word' id='word_1_244' title='bbox 1052 3520 1100 3582; x_wconf 87' lang='lat' dir='ltr'><strong>est</strong></span> <span class='ocrx_word' id='word_1_245' title='bbox 1118 3517 1231 3583; x_wconf 85' lang='lat' dir='ltr'><strong>invitis</strong></span> <span class='ocrx_word' id='word_1_246' title='bbox 1251 3517 1362 3584; x_wconf 86' lang='lat' dir='ltr'><strong>scribis</strong></span> <span class='ocrx_word' id='word_1_247' title='bbox 1375 3516 1491 3594; x_wconf 75' lang='grc' dir='ltr'><strong><em>βιαίαν,</em></strong></span> 
     </span>
     <span class='ocr_line' id='line_1_30' title="bbox 304 3617 1494 3706; baseline -0.005 -12"><span class='ocrx_word' id='word_1_248' title='bbox 304 3621 526 3694; x_wconf 74' lang='lat' dir='ltr'><strong>coniunctivae</strong></span> <span class='ocrx_word' id='word_1_249' title='bbox 552 3618 629 3698; x_wconf 81' lang='grc' dir='ltr'><strong><em>βιῶ,</em></strong></span> <span class='ocrx_word' id='word_1_250' title='bbox 653 3617 748 3698; x_wconf 76' lang='grc' dir='ltr'><strong><em>βιῷς,</em></strong></span> <span class='ocrx_word' id='word_1_251' title='bbox 771 3618 848 3701; x_wconf 75' lang='grc' dir='ltr'><strong><em>βιῷ,</em></strong></span> <span class='ocrx_word' id='word_1_252' title='bbox 873 3622 1080 3706; x_wconf 88' lang='lat' dir='ltr'><strong>participium</strong></span> <span class='ocrx_word' id='word_1_253' title='bbox 1104 3621 1208 3701; x_wconf 76' lang='grc' dir='ltr'><strong><em>βιούς,</em></strong></span> <span class='ocrx_word' id='word_1_254' title='bbox 1233 3621 1393 3702; x_wconf 61' lang='lat' dir='ltr'><strong>exsputa,</strong></span> <span class='ocrx_word' id='word_1_255' title='bbox 1417 3623 1494 3688; x_wconf 75' lang='lat' dir='ltr'><strong>circ-</strong></span> 
     </span>
     <span class='ocr_line' id='line_1_31' title="bbox 303 3725 1492 3814; baseline 0.003 -23"><span class='ocrx_word' id='word_1_256' title='bbox 303 3730 401 3814; x_wconf 77' lang='grc' dir='ltr'><strong>βιιύς.</strong></span> <span class='ocrx_word' id='word_1_257' title='bbox 447 3725 485 3791; x_wconf 90' lang='lat' dir='ltr'><strong>ln</strong></span> <span class='ocrx_word' id='word_1_258' title='bbox 514 3725 574 3790; x_wconf 87' lang='lat' dir='ltr'><strong>hoc</strong></span> <span class='ocrx_word' id='word_1_259' title='bbox 604 3729 712 3789; x_wconf 86' lang='lat' dir='ltr'><strong>autem</strong></span> <span class='ocrx_word' id='word_1_260' title='bbox 745 3726 914 3811; x_wconf 88' lang='lat' dir='ltr'><strong>participio</strong></span> <span class='ocrx_word' id='word_1_261' title='bbox 945 3726 1019 3792; x_wconf 79' lang='lat' dir='ltr'><strong>vide</strong></span> <span class='ocrx_word' id='word_1_262' title='bbox 1050 3728 1127 3814; x_wconf 91' lang='lat' dir='ltr'><strong>quid</strong></span> <span class='ocrx_word' id='word_1_263' title='bbox 1161 3731 1307 3796; x_wconf 92' lang='lat' dir='ltr'><strong>omnium</strong></span> <span class='ocrx_word' id='word_1_264' title='bbox 1337 3728 1492 3796; x_wconf 86' lang='lat' dir='ltr'><strong>librorum</strong></span> 
     </span>
     <span class='ocr_line' id='line_1_32' title="bbox 303 3829 1496 3919; baseline -0.003 -16"><span class='ocrx_word' id='word_1_265' title='bbox 303 3837 424 3906; x_wconf 86' lang='lat' dir='ltr'><strong>scribae</strong></span> <span class='ocrx_word' id='word_1_266' title='bbox 454 3830 701 3919; x_wconf 77' lang='lat' dir='ltr'><strong>designaverint.</strong></span> <span class='ocrx_word' id='word_1_267' title='bbox 747 3829 813 3916; x_wconf 91' lang='lat' dir='ltr'><strong>Ipsi</strong></span> <span class='ocrx_word' id='word_1_268' title='bbox 843 3850 899 3917; x_wconf 92' lang='lat' dir='ltr'><strong>pro</strong></span> <span class='ocrx_word' id='word_1_269' title='bbox 930 3830 982 3912; x_wconf 76' lang='grc' dir='ltr'><strong>ζῆν</strong></span> <span class='ocrx_word' id='word_1_270' title='bbox 1007 3834 1154 3900; x_wconf 86' lang='lat' dir='ltr'><strong>dicebant</strong></span> <span class='ocrx_word' id='word_1_271' title='bbox 1177 3836 1282 3913; x_wconf 81' lang='grc' dir='ltr'><strong><em>βιοῦν,</em></strong></span> <span class='ocrx_word' id='word_1_272' title='bbox 1306 3836 1406 3916; x_wconf 77' lang='grc' dir='ltr'><strong><em>βιοῖς,</em></strong></span> <span class='ocrx_word' id='word_1_273' title='bbox 1429 3836 1496 3916; x_wconf 79' lang='grc' dir='ltr'><strong><em>βιοῖ</em></strong></span> 
     </span>
     <span class='ocr_line' id='line_1_33' title="bbox 304 3933 1493 4028; baseline -0.001 -20"><span class='ocrx_word' id='word_1_274' title='bbox 304 3951 336 4013; x_wconf 83' lang='lat' dir='ltr'><strong>et</strong></span> <span class='ocrx_word' id='word_1_275' title='bbox 368 3939 470 4018; x_wconf 68' lang='grc' dir='ltr'><strong><em>ἒβίινν</em></strong></span> <span class='ocrx_word' id='word_1_276' title='bbox 500 3957 557 4023; x_wconf 91' lang='lat' dir='ltr'><strong>pro</strong></span> <span class='ocrx_word' id='word_1_277' title='bbox 589 3933 672 4018; x_wconf 77' lang='grc' dir='ltr'><strong><em>ἔζων.</em></strong></span> <span class='ocrx_word' id='word_1_278' title='bbox 719 3935 831 4022; x_wconf 82' lang='lat' dir='ltr'><strong>Itaque</strong></span> <span class='ocrx_word' id='word_1_279' title='bbox 853 3940 1027 4006; x_wconf 87' lang='lat' dir='ltr'><strong>sexcenties</strong></span> <span class='ocrx_word' id='word_1_280' title='bbox 1050 3947 1187 4007; x_wconf 88' lang='lat' dir='ltr'><strong>utuntur</strong></span> <span class='ocrx_word' id='word_1_281' title='bbox 1209 3944 1377 4028; x_wconf 85' lang='lat' dir='ltr'><strong>participio</strong></span> <span class='ocrx_word' id='word_1_282' title='bbox 1399 3942 1493 4028; x_wconf 84' lang='grc' dir='ltr'><strong><em>βιῶν,</em></strong></span> 
     </span>
     <span class='ocr_line' id='line_1_34' title="bbox 302 4040 1491 4131; baseline -0.004 -14"><span class='ocrx_word' id='word_1_283' title='bbox 302 4051 462 4130; x_wconf 81' lang='grc' dir='ltr'><strong><em>βιοῦντες,</em></strong></span> <span class='ocrx_word' id='word_1_284' title='bbox 494 4042 702 4120; x_wconf 77' lang='grc' dir='ltr'><strong><em>ἓτιβιιῦντες,</em></strong></span> <span class='ocrx_word' id='word_1_285' title='bbox 735 4040 925 4120; x_wconf 76' lang='grc' dir='ltr'><strong><em>διαβιοῦντες</em></strong></span> <span class='ocrx_word' id='word_1_286' title='bbox 953 4065 1010 4131; x_wconf 87' lang='lat' dir='ltr'><strong>pro</strong></span> <span class='ocrx_word' id='word_1_287' title='bbox 1045 4045 1119 4127; x_wconf 83' lang='grc' dir='ltr'><strong><em>ζῶν,</em></strong></span> <span class='ocrx_word' id='word_1_288' title='bbox 1156 4046 1286 4128; x_wconf 82' lang='grc' dir='ltr'><strong><em>ζῶντες,</em></strong></span> <span class='ocrx_word' id='word_1_289' title='bbox 1322 4047 1491 4128; x_wconf 75' lang='grc' dir='ltr'><strong><em>διαζῶντες.</em></strong></span> 
     </span>
     <span class='ocr_line' id='line_1_35' title="bbox 301 4149 1492 4237; baseline -0.004 -14"><span class='ocrx_word' id='word_1_290' title='bbox 301 4156 399 4223; x_wconf 82' lang='lat' dir='ltr'><strong>Vides</strong></span> <span class='ocrx_word' id='word_1_291' title='bbox 433 4149 511 4237; x_wconf 91' lang='lat' dir='ltr'><strong>quid</strong></span> <span class='ocrx_word' id='word_1_292' title='bbox 543 4149 670 4214; x_wconf 88' lang='lat' dir='ltr'><strong>intersit</strong></span> <span class='ocrx_word' id='word_1_293' title='bbox 703 4149 786 4214; x_wconf 90' lang='lat' dir='ltr'><strong>inter</strong></span> <span class='ocrx_word' id='word_1_294' title='bbox 818 4152 987 4235; x_wconf 86' lang='lat' dir='ltr'><strong>antiquum</strong></span> <span class='ocrx_word' id='word_1_295' title='bbox 1022 4151 1107 4229; x_wconf 74' lang='grc' dir='ltr'><strong><em>βιούς</em></strong></span> <span class='ocrx_word' id='word_1_296' title='bbox 1143 4159 1175 4220; x_wconf 84' lang='grc'><strong>61</strong></span> <span class='ocrx_word' id='word_1_297' title='bbox 1206 4155 1371 4220; x_wconf 85' lang='lat' dir='ltr'><strong>novicium</strong></span> <span class='ocrx_word' id='word_1_298' title='bbox 1406 4154 1492 4234; x_wconf 86' lang='grc' dir='ltr'><strong><em>βιῶι·</em></strong></span> 
     </span>
     <span class='ocr_line' id='line_1_36' title="bbox 302 4254 1493 4350; baseline 0.003 -26"><span class='ocrx_word' id='word_1_299' title='bbox 302 4259 418 4338; x_wconf 77' lang='grc' dir='ltr'><strong><em>Ἐβίαν</em></strong></span> <span class='ocrx_word' id='word_1_300' title='bbox 448 4255 535 4336; x_wconf 80' lang='grc' dir='ltr'><strong><em>βιιύι</em></strong></span> <span class='ocrx_word' id='word_1_301' title='bbox 567 4254 697 4320; x_wconf 76' lang='lat' dir='ltr'><strong>coriatus</strong></span> <span class='ocrx_word' id='word_1_302' title='bbox 727 4259 793 4332; x_wconf 89' lang='lat' dir='ltr'><strong>est,</strong></span> <span class='ocrx_word' id='word_1_303' title='bbox 819 4256 878 4332; x_wconf 83' lang='grc' dir='ltr'><strong>βιῶ</strong></span> <span class='ocrx_word' id='word_1_304' title='bbox 901 4255 975 4334; x_wconf 85' lang='grc' dir='ltr'><strong><em>βιῶν</em></strong></span> <span class='ocrx_word' id='word_1_305' title='bbox 993 4281 1148 4342; x_wconf 75' lang='lat' dir='ltr'><strong>praesens.</strong></span> <span class='ocrx_word' id='word_1_306' title='bbox 1196 4259 1266 4326; x_wconf 90' lang='lat' dir='ltr'><strong>Iam</strong></span> <span class='ocrx_word' id='word_1_307' title='bbox 1289 4281 1366 4328; x_wconf 84' lang='lat' dir='ltr'><strong>vero</strong></span> <span class='ocrx_word' id='word_1_308' title='bbox 1389 4261 1493 4350; x_wconf 70' lang='lat' dir='ltr'><strong>stipes</strong></span> 
     </span>
     <span class='ocr_line' id='line_1_37' title="bbox 304 4362 1493 4446; baseline 0.002 -13"><span class='ocrx_word' id='word_1_309' title='bbox 304 4370 433 4434; x_wconf 72' lang='lat' dir='ltr'><strong>hinorum</strong></span> <span class='ocrx_word' id='word_1_310' title='bbox 467 4379 596 4428; x_wconf 89' lang='lat' dir='ltr'><strong>summa</strong></span> <span class='ocrx_word' id='word_1_311' title='bbox 629 4362 806 4427; x_wconf 88' lang='lat' dir='ltr'><strong>constantia</strong></span> <span class='ocrx_word' id='word_1_312' title='bbox 837 4364 1001 4430; x_wconf 81' lang='lat' dir='ltr'><strong>novicium</strong></span> <span class='ocrx_word' id='word_1_313' title='bbox 1035 4364 1195 4444; x_wconf 79' lang='grc' dir='ltr'><strong><em>βιοῦντας,</em></strong></span> <span class='ocrx_word' id='word_1_314' title='bbox 1232 4365 1427 4446; x_wconf 75' lang='grc' dir='ltr'><strong><em>ἓτιβιιῦιτις</em></strong></span> <span class='ocrx_word' id='word_1_315' title='bbox 1461 4373 1493 4436; x_wconf 87' lang='grc'><strong>61</strong></span> 
     </span>
     <span class='ocr_line' id='line_1_38' title="bbox 303 4467 1490 4557; baseline 0.006 -23"><span class='ocrx_word' id='word_1_316' title='bbox 303 4473 376 4544; x_wconf 73' lang='lat' dir='ltr'><strong>sim.</strong></span> <span class='ocrx_word' id='word_1_317' title='bbox 399 4467 548 4535; x_wconf 87' lang='lat' dir='ltr'><strong>ascribis</strong></span> <span class='ocrx_word' id='word_1_318' title='bbox 567 4467 778 4533; x_wconf 85' lang='lat' dir='ltr'><strong>substitutum</strong></span> <span class='ocrx_word' id='word_1_319' title='bbox 802 4468 925 4536; x_wconf 87' lang='lat' dir='ltr'><strong>videbis</strong></span> <span class='ocrx_word' id='word_1_320' title='bbox 947 4472 1096 4557; x_wconf 88' lang='lat' dir='ltr'><strong>antiquae</strong></span> <span class='ocrx_word' id='word_1_321' title='bbox 1119 4473 1240 4541; x_wconf 82' lang='lat' dir='ltr'><strong>formae</strong></span> <span class='ocrx_word' id='word_1_322' title='bbox 1264 4471 1403 4556; x_wconf 75' lang='grc' dir='ltr'><strong><em>βιδντις,</em></strong></span> <span class='ocrx_word' id='word_1_323' title='bbox 1428 4475 1490 4542; x_wconf 74' lang='grc' dir='ltr'><strong><em>ἔτι·</em></strong></span> 
     </span>
    </p>
   </div>
   <div class='ocr_carea' id='block_1_4' title="bbox 0 0 1682 5084">
    <p class='ocr_par' dir='ltr' id='par_1_6' title="bbox 0 0 1682 5084">
     <span class='ocr_line' id='line_1_39' title="bbox 0 0 1682 5084; baseline 0 0"><span class='ocrx_word' id='word_1_324' title='bbox 0 0 1682 5084; x_wconf 95' lang='lat' dir='ltr'><strong> </strong></span> 
     </span>
    </p>
   </div>
  </div>
 </body>
</html>
