3356 5084
732 371 797 444 453

169 569 256 650 ρι’ων,
291 565 443 636 similitor
466 566 543 635 slibl
568 571 807 652 αὶπεκεκλῄμην,
832 569 1030 650 ἀπεκλῄσθην
1053 569 1229 658 etreliqua
1251 571 1359 642 omnia

170 677 209 742 ad
230 675 364 743 eandem
388 675 579 764 analogium.
1188 675 1190 680 '

213 782 351 849 Factum
382 787 431 848 est
460 787 570 848 autem
602 780 686 867 quod
714 785 749 846 in
772 802 809 848 es
830 802 865 847 re
887 782 1020 860 assolet,
1044 788 1083 850 ut
1105 806 1186 853 noua
1207 785 1359 874 loquendi

170 888 311 963 συνήθειαι
336 890 483 974 antiques
505 887 625 954 formas
647 887 829 974 expelleret.
875 887 962 955 Luce
985 889 1101 957 clarius
1122 892 1156 959 id
1180 895 1215 958 in
1238 895 1359 962 Aristo·

170 996 272 1082 phane
303 1000 445 1082 apparet.
490 993 528 1060 ln
558 995 741 1063 Rauennate
772 991 888 1063 Oodice
919 997 1039 1083 ubique
1067 1021 1152 1065 nunc
1182 1000 1303 1068 formae
1324 1004 1359 1066 in

171 1137 191 1152 -
205 1111 244 1167 el
276 1104 512 1188 conspiciuntur
541 1107 665 1188 praetor
695 1101 774 1168 duos
800 1101 886 1168 locos
915 1104 974 1168 ubi
995 1103 1073 1170 felix
1095 1106 1250 1173 mendum
1272 1111 1360 1174 vete-

170 1229 238 1276 rem
260 1207 432 1275 lectionem
455 1206 592 1274 fideliter
612 1210 770 1275 serravit:
793 1209 829 1273 in
851 1209 965 1274 Avibus
988 1208 1086 1278 1262.

490 1315 753 1393 ῶπνκεκλήκαμεν
776 1313 921 1395 διογενεῖς
945 1316 1038 1389 θεούς.

170 1442 267 1508 quam
290 1422 427 1489 formam
451 1421 491 1487 ad
515 1423 688 1487 ἀποκαλεῖν
710 1422 812 1507 inepti
833 1421 1024 1501 referebant,
1045 1427 1077 1490 et
1094 1426 1128 1490 in
1147 1425 1259 1490 Εσιίω.
1279 1423 1357 1490 420.

489 1527 523 1604 ἣν
546 1527 571 1592 δ’
593 1527 744 1609 ἄπακλθνη
766 1535 805 1610 τῇ
829 1527 914 1612 θύρα.

170 1635 227 1701 ubi
256 1636 469 1700 ῶπιΚΛΗΙΗΙ
500 1637 535 1699 in
558 1634 772 1699 ῶπιΚΛΙΝΗΙ
805 1634 1014 1720 depravatum
1045 1639 1102 1701 est.
1149 1635 1361 1717 Quemadmo-

170 1740 249 1806 dum
281 1745 390 1808 autem
419 1743 454 1806 iu
483 1740 535 1806 his
559 1740 679 1824 ubique
700 1739 907 1825 Aristophani
929 1761 986 1807 sua
1008 1762 1123 1808 manus
1146 1747 1194 1809 est
1215 1743 1359 1820 reddita,

170 1847 256 1914 ldem
281 1853 330 1914 est
352 1853 385 1913 et
405 1849 441 1912 in
463 1848 594 1912 caeteris
618 1850 650 1911 et
672 1846 707 1910 in
729 1844 944 1912 Demosthene
966 1846 1159 1914 faciendum.

212 1953 326 2040 Itaque
349 1973 424 2042 pag.
447 1950 524 2022 778.
547 1945 599 2018 11.
619 1951 820 2018 scribendum
839 1952 1028 2034 κεκλημένης
1048 1977 1101 2019 σαν
1125 1962 1180 2030 τῆς
1201 1955 1354 2032 ἔξουσίας.

169 2060 226 2125 ubi
257 2057 282 2125 S
305 2080 395 2147 apr.
418 2081 463 2125 m.
494 2058 675 2138 κεκλιμένης
706 2058 852 2145 exhibet,
884 2070 917 2126 et
946 2080 1019 2148 pag.
1045 2058 1122 2125 803.
1146 2058 1200 2127 30.
1225 2085 1359 2127 κατακε-

172 2165 342 2249 κλημὲνηα,
373 2166 430 2231 ubi
461 2163 728 2243 καπακεκλνμένης
758 2166 793 2230 in
821 2164 983 2231 nonnuliis
1013 2163 1105 2232 libris
1135 2172 1190 2234 est
1224 2172 1257 2234 et
1286 2190 1360 2258 pag.

173 2270 271 2338 1260.
303 2269 359 2339 23.
394 2275 452 2337 τῶν
484 2273 585 2338 σιπθων
616 2271 840 2354 ῶπεκεκλῄμην
862 2291 918 2358 pro
942 2272 1173 2356 ἀπεκεκλείμην
1194 2279 1226 2341 et
1249 2275 1362 2340 ἆπεκε·

171 2380 334 2458 κλεθσμην.

217 2485 329 2553 Etiam
351 2483 433 2551 aliae
451 2483 572 2550 formae
590 2488 713 2572 veteres
731 2484 857 2569 Atticae
877 2484 1053 2551 scribarum
1071 2505 1223 2553 consensu
1245 2489 1364 2573 ubique

171 2590 360 2660 obliteratae
380 2593 416 2656 in
436 2589 544 2657 lucem
567 2589 760 2658 revocandae
783 2593 876 2667 sunt,
899 2595 937 2656 ut
959 2591 1042 2656 infra
1065 2593 1285 2669 ostendemus,

214 2801 297 2891 Peg.
329 2799 384 2868 23.
417 2799 471 2865 14.
495 2800 521 2865 εἰ
547 2798 580 2864 δέ
602 2823 649 2873 τις
673 2797 800 2882 σώφρων
824 2801 841 2876 ἢ
869 2800 984 2875 δίκαιος
1015 2806 1275 2882 κπαρεῶσθαι
1307 2805 1360 2869 καὶ

171 2911 201 2974 ἐν
231 2907 350 2980 οὐδενὸς
381 2903 458 2972 εἶναι
491 2906 576 2987 μέρει
607 2905 660 2970 σῶν
682 2910 824 2971 πεινῶσιν.
874 2905 928 2972 sie
951 2913 983 2972 et
1004 2929 1078 2997 pag.
1104 2907 1179 2975 655.
1206 2910 1260 2976 15.
1285 2907 1361 2983 θλωι

171 3015 234 3096 γῶρ
258 3015 427 3094 ἡγήσονται
461 3014 699 3094 παρεῶσθαι
729 3014 784 3091 μὲν
816 3015 922 3089 atros,
959 3014 1030 3094 πρὸς
1066 3016 1304 3097 Κερσοβλέπτην
1335 3018 1362 3082 δ’

170 3121 346 3188 ἀποκλίνειν
376 3121 471 3198 ὑμῶς.
517 3118 555 3184 In
585 3123 720 3204 utroque
751 3118 820 3185 loco
852 3139 909 3205 pro
941 3123 1114 3200 παρεῶσθαι
1145 3125 1180 3187 in
1202 3124 1361 3211 plerisque

170 3227 262 3295 libris
292 3233 341 3295 est
363 3225 613 3310 παρεωΡλσθαι,
636 3245 717 3310 quae
739 3223 843 3291 forma
866 3230 914 3292 ost
936 3225 1145 3294 Demostheni
1168 3235 1200 3296 et
1223 3231 1362 3318 acquali-

170 3335 230 3402 bus
259 3334 425 3412 inaudita,
457 3334 513 3418 qui
538 3333 707 3413 περιῶφθαι
733 3331 897 3407 dicebant,
920 3337 959 3397 ut
980 3352 1052 3421 pag.
1080 3333 1155 3400 362.
1181 3335 1212 3403 9.
1236 3337 1362 3410 τούτους

172 3477 192 3492 -
212 3444 443 3524 περιῶφθαι
466 3441 598 3504 τοιαῦτα
621 3436 812 3509 πεπονθθσας
835 3433 884 3502 οἶα
910 3437 1023 3512 οὐδένες
1049 3438 1140 3505 ῶλλσι
1162 3443 1223 3506 σῶν
1245 3441 1361 3518 Ἑλλθ-

171 3573 236 3616 νων.
269 3551 303 3614 ct
332 3549 368 3613 in
398 3545 496 3613 verbo
518 3543 659 3630 simplici
681 3562 754 3631 pag.
781 3540 857 3610 722.
883 3542 913 3610 2.
939 3544 1046 3624 somus·
1070 3548 1216 3630 εἰσφέρων
1240 3545 1362 3625 ὦπται,
1453 3577 1459 3586 ·

171 3660 209 3721 ut
231 3655 352 3741 passim
375 3651 477 3734 ῶφθην
501 3654 534 3717 st
556 3650 731 3734 ὀφθήσομαι
755 3648 919 3738 leguntur.

216 3862 351 3930 Frustra
379 3863 443 3929 riri
474 3859 561 3928 docti
584 3859 663 3926 olim
687 3864 851 3927 tentarunt
872 3859 1042 3927 lectionem
1064 3863 1264 3930 verissimam
1287 3889 1362 3958 pag.

173 3967 226 4037 23.
254 3968 308 4035 16.
341 3967 464 4041 λνιπσὺς
488 3968 523 4043 et
548 3965 615 4048 περ)
641 3966 734 4032 αὐτὸν
758 3965 972 4053 (Philippum)
996 3962 1073 4034 εἶναι
1098 3978 1284 4039 AHICTAC
1307 3977 1360 4041 καὶ

173 4076 324 4148 κόλακας.
373 4073 435 4155 Qui
464 4093 641 4159 numquam
665 4073 796 4138 θαῶακιι
816 4073 979 4151 viderant,
1004 4075 1067 4138 nisi
1092 4074 1172 4142 forte
1194 4079 1228 4141 in
1251 4099 1360 4163 scena,

173 4202 237 4249 non
263 4179 510 4248 recordabantur
541 4198 608 4244 esse
637 4198 690 4244 eos
722 4178 868 4245 homines
898 4178 1032 4245 audaces
1061 4184 1094 4244 et
1121 4181 1311 4252 facinorosos
1330 4194 1364 4254 et

174 4287 364 4365 sceleratos,
389 4289 423 4353 et
439 4284 524 4350 nihil
543 4284 621 4350 adeo
640 4282 847 4371 dePhih‘ppo
867 4284 1005 4352 odiosius
1024 4284 1088 4351 dici
1105 4291 1246 4373 potuisse
1266 4312 1363 4377 quam

175 4395 307 4460 ἰαιισκα
328 4412 404 4458 enm
428 4395 460 4458 et
481 4413 600 4456 ισαννω
623 4392 707 4456 eirea
728 4409 795 4458 sese
817 4391 950 4470 habere,
970 4391 1136 4458 ethorum
1156 4398 1363 4480 potissimum

177 4495 404 4568 consuetudine
439 4496 598 4563 delectari.
658 4493 813 4584 mrpiora
847 4500 945 4564 etiam
977 4497 1028 4563 his
1063 4504 1096 4565 et
1130 4505 1291 4588 spurciora
1325 4506 1363 4574 de
