3304 5090
872 344 938 414 *174

314 540 386 606 Non
410 541 512 604 diuam
536 541 746 623 perincertum
769 538 851 602 hane
875 556 942 602 esso
963 536 1192 620 suspicionem,
1218 537 1272 601 sed
1295 534 1410 600 lnlssm
1437 551 1503 598 esse

318 645 548 712 demonstrabo.
595 643 747 708 Messenii
778 650 872 727 nepta
899 643 950 706 Ira
980 662 1019 704 en
1049 641 1142 704 caede
1173 642 1272 726 elepsi
1302 640 1343 705 ad
1367 640 1504 704 Arcades

316 753 526 837 confugerunt
549 757 581 815 et
606 750 742 836 benigne
766 752 886 834 aooepti
909 752 983 812 sunt
1006 747 1154 826 (Pausen.
1179 748 1230 812 IV.
1257 747 1311 812 22.
1336 747 1381 832 2).
1430 742 1505 810 Cae

315 859 377 922 teri
401 855 507 920 Πύλιοι
530 857 583 919 καί
611 858 779 918 Μείωνσῖιι
803 855 855 919 καί
878 851 938 918 ὅσοι
958 855 1000 918 τὰ
1022 853 1267 934 πιιριιίιιλιίσσιιι
1288 853 1380 936 ᾦιιινν
1400 851 1505 916 annale

316 963 373 1027 ὑπὸ
404 961 458 1033 σὺν
489 959 603 1026 ἅλωσιν
634 968 688 1033 τῆς
721 960 814 1040 Eleae
838 960 1017 1038 ἀπαίρουσιν
1040 960 1071 1033 ἐς
1106 963 1317 1035 Κυλλήνην
1347 960 1389 1024 τὸ
1422 959 1504 1024 ἐπί·

315 1091 421 1132 aaron
444 1073 519 1132 τῶν
542 1067 715 1132 Ἠλείων
730 1067 876 1150 (Pansam
901 1064 956 1130 IV.
982 1063 1037 1128 23.
1065 1065 1119 1144 1).
1155 1065 1275 1131 Eodem
1295 1087 1328 1132 se
1347 1066 1506 1150 recipiunt

315 1173 467 1239 Messenii
485 1193 530 1238 ,ex
552 1173 690 1238 Arcadia
710 1175 842 1236 reversi:
866 1175 904 1242 ὥς
930 1171 962 1235 δὲ
984 1172 1015 1242 ἐς
1038 1174 1093 1244 τὴν
1115 1173 1273 1246 Κυλλήνην
1293 1173 1318 1237 οἱ
1339 1171 1504 1244 Μεσσήνιοι

315 1279 542 1357 συνελέχθησαν
574 1278 626 1342 τὸν
656 1279 714 1353 μὲν
745 1279 882 1357 nanda-ra
911 1284 1052 1356 χειμῶνα
1078 1275 1176 1351 ἔδοξεν
1200 1279 1295 1341 αὐτοῦ
1319 1277 1504 1358 χειμάζειν,

315 1387 382 1450 anal
407 1387 476 1456 τὴν
500 1383 654 1461 eironeia
679 1391 800 1464 σφισι
827 1385 894 1448 ael
919 1387 1116 1463 χρήματα
1137 1387 1173 1448 σί
1193 1390 1344 1448 Ἠλεῖοι
1364 1391 1505 1459 anasi-

315 1515 386 1570 χσν
418 1490 565 1574 (Pousen.
590 1489 644 1554 IV.
669 1489 722 1554 23.
749 1491 793 1572 5.)
841 1489 932 1554 Unde
955 1489 1026 1553 luoe
1049 1489 1166 1554 olerins
1189 1495 1321 1573 apparet
1341 1489 1506 1554 Elidenses

315 1597 482 1662 Messeniis
512 1617 575 1662 non
597 1601 722 1661 tantum
747 1598 864 1672 socios,
890 1596 944 1660 sed
968 1597 1105 1679 optimos
1129 1602 1161 1660 et
1182 1593 1382 1661 fidelissimos
1405 1598 1506 1660 sooios

315 1702 424 1768 fuisse.

360 1808 473 1892 Itaque
503 1809 537 1870 in
568 1804 732 1872 Strabonis
763 1807 849 1878 loeo.
882 1827 945 1891 quo
976 1807 1014 1870 de
1041 1809 1184 1893 agimus,
1208 1827 1281 1894 pag.
1308 1805 1383 1871 362.
1409 1807 1506 1872 sanis

316 1917 397 1980 sime
419 1919 467 1978 est
490 1911 584 1976 lentio
606 1911 763 1978 librorum
786 1915 948 1978 omnium:
974 1913 1108 1988 ἑλόμενοι
1132 1912 1322 1991 συμμάχους
1346 1913 1505 1990 Ἀργείους

315 2043 351 2084 τε
384 2019 436 2082 anal
473 2021 672 2086 ἨΛΕΙΟΤΟ
707 2020 758 2084 ael
794 2021 952 2095 Πισιίτμς,
978 2025 1008 2084 et
1031 2019 1090 2084 soli
1114 2019 1251 2084 Arcades
1277 2019 1504 2086 desiderantur.

315 2125 468 2192 Excidere
488 2119 597 2209 'potuit
620 2126 690 2201 πρὸς
715 2134 777 2195 τοῖς
801 2125 948 2202 Ἀρκάσι,
972 2128 1027 2209 qui
1047 2133 1196 2210 perpetuo
1218 2146 1306 2190 arma
1326 2146 1401 2191 oum
1422 2124 1507 2192 Mes·

315 2234 410 2298 seniis
434 2231 584 2296 adversus
606 2229 869 2296 Lacedaemonios
893 2234 1126 2304 consociaturi,
1154 2239 1210 2296 sut
1224 2232 1325 2310 ,χωρὶς
1350 2235 1409 2296 τῶν
1438 2234 1507 2307 Ἀρ·

315 2338 430 2412 sosas,
464 2340 520 2400 aut
551 2335 671 2421 aliquid
701 2339 735 2404 in
767 2336 848 2402 hene
875 2340 1064 2403 sententiam
1089 2337 1143 2402 sed
1168 2336 1308 2408 Ἠλείους
1332 2340 1434 2403 setius
1458 2343 1506 2402 est

314 2463 376 2508 non
399 2449 538 2528 tangere.

361 2546 530 2614 Caeterum
562 2549 881 2614 animadvertendum
912 2555 960 2614 est
993 2550 1071 2614 haee
1104 2553 1211 2616 omnia
1246 2547 1434 2614 Strabonem
1465 2569 1504 2614 ex

316 2673 454 2720 rrsrnnr
487 2655 679 2719 oanninibus
710 2657 874 2719 sumsisse:
904 2649 1058 2740 pendent'
1073 2658 1159 2720 enim
1191 2657 1298 2721 omnin
1329 2675 1368 2718 ex
1400 2655 1505 2719 verbis

315 2761 393 2840 Φνσί
418 2769 589 2840 Τυρταῖος,
616 2780 677 2845 quo
700 2759 866 2826 meliorem
890 2767 1004 2826 testem
1028 2764 1060 2824 et
1079 2763 1246 2826 certiorem
1266 2779 1374 2836 nemo,
1397 2760 1504 2842 oredo,

315 2869 463 2951 requiret.

361 3075 441 3163 Peg.
478 3075 553 3141 362.
589 3075 641 3144 ὦς’
678 3077 694 3152 ἣ
731 3081 838 3140 sarira
874 3076 1024 3154 ιὶκιίρωτιιι
1059 3077 1101 3140 τὰ
1137 3077 1264 3153 daorsis
1296 3077 1313 3152 ἢ
1348 3077 1504 3157 essexiae

316 3181 492 3256 ιἰπιςνσίιν.
540 3182 745 3249 Ostendimus
770 3205 867 3268 supra
889 3203 997 3248 veram
1021 3181 1189 3250 tentionem
1214 3204 1280 3248 osse
1302 3184 1401 3250 hano:
1426 3181 1503 3248 ὥστε

317 3289 333 3364 ἢ
366 3291 603 3369 ’ΛιιυρωΤΕΟΝ
635 3291 691 3363 σὺν
720 3291 861 3368 dadastana
891 3289 956 3353 κτὲ.
1005 3287 1212 3354 scribendum
1243 3310 1310 3354 esse
1336 3287 1504 3368 ιίκνρσιτέιν

315 3395 474 3462 Porsonus
494 3394 655 3460 intellexit
677 3397 813 3479 (Adsere.
839 3415 912 3481 pag.
938 3393 1008 3472 39).

361 3501 445 3568 Fieri
474 3521 537 3565 non
565 3507 669 3585 potest
697 3507 735 3566 nt
766 3501 879 3567 Strabo
904 3503 1034 3585 entique
1057 3499 1187 3586 Tyrteei
1211 3503 1351 3567 earmina
1374 3501 1504 3570 Platoni

316 3622 348 3670 ea
371 3605 536 3670 Aristoteli
560 3611 592 3672 et
615 3607 762 3672 omnibus
784 3607 945 3671 veteribus
969 3605 1051 3672 lenta
1074 3610 1182 3691 spuria
1205 3612 1238 3672 et
1255 3611 1418 3694 supposita
1437 3629 1502 3674 esse

316 3713 563 3787 existimaverit,
595 3712 650 3776 sed
681 3714 785 3778 utitur
814 3711 873 3778 hao
906 3713 1029 3777 dicendi
1061 3712 1163 3778 forme
1192 3719 1229 3777 ut
1252 3714 1397 3780 ostendat
1419 3717 1503 3780 inter

315 3839 348 3882 se
386 3837 526 3904 pugnare
560 3837 640 3901 quae
674 3817 757 3902 apud
793 3819 899 3902 ipsum
932 3817 1107 3904 Tyrtaeum
1137 3817 1289 3906 legantur
1318 3826 1350 3885 et
1381 3839 1503 3905 quaes

315 3922 505 3988 Philochoro
529 3926 561 3986 et
585 3921 658 3988 aliis
681 3927 784 3988 essent
806 3924 844 3989 de
868 3922 1004 4010 Tyrteso
1029 3927 1201 3990 memoriae
1223 3925 1360 4009 prodite.

359 4132 440 4218 Peg.
466 4129 543 4196 364.
591 4132 739 4198 Μεσσίαν
760 4131 791 4198 δέ
812 4131 936 4218 (danea)
958 4135 990 4198 οὐ
1013 4133 1188 4214 vicentinae
1209 4129 1286 4200 elane
1308 4131 1395 4212 μέρος
1414 4134 1502 4200 ἀλλὰ

315 4247 370 4312 τῆς
407 4237 565 4314 Euristus·
612 4235 697 4300 Hinc
732 4237 832 4325 igitur
861 4259 976 4304 nomen
1005 4239 1143 4304 habebat
1163 4240 1181 4306 d,
1201 4238 1387 4314 Msaooolrac
1408 4237 1501 4319 λόχος

316 4344 400 4431 apud
430 4341 540 4410 Schol..
563 4343 723 4434 Aristoph.
748 4345 788 4408 ad
809 4345 935 4425 lyristr.
960 4365 1007 4410 vs.
1033 4343 1110 4410 453.
1134 4345 1223 4424 λόχοι
1247 4347 1322 4410 siria
1345 4347 1375 4410 ἐν
1400 4357 1502 4415 Anae-

316 4449 434 4530 διιίμννι
458 4449 568 4516 πέντε·
591 4448 726 4521 ”Edonos
753 4448 908 4538 (Hesynh.
933 4452 967 4516 'sn
988 4450 1055 4538 v.)‚
1079 4451 1180 4526 Ziata,
1201 4453 1354 4532 ’Λιίμιις,
1375 4455 1500 4530 Iliadae,
