3296 5104
710 351 754 420 23

120 550 239 634 paucis
262 547 353 612 libris
376 549 519 630 repertae
542 564 604 610 non
628 552 676 610 est
700 567 738 612 ex
759 548 889 632 antiquo
907 549 1115 610 monumento
1133 545 1326 630 propagata,

121 657 185 721 sed
216 675 235 720 a
266 657 438 720 correctore
468 671 530 715 nou
561 650 661 716 stulto
691 655 881 740 excogitata.
930 649 965 715 Si
998 651 1074 736 quid
1103 651 1188 716 nosti
1210 649 1327 712 rectius

123 764 203 826 istis
225 759 377 824 candidus
400 757 550 841 imperti,
576 759 604 820 si
626 777 689 822 non
707 763 780 824 utra
800 761 980 824 coniectura
999 760 1042 822 sit
1060 759 1163 843 potior
1175 754 1326 820 diiudica.

124 865 195 944 Qui
225 871 334 930 autem
364 863 610 928 consideraverit
641 884 707 949 sqq.
740 873 810 928 otc
842 865 886 930 τά
917 866 974 941 μὲν
1006 861 1094 928 ἀλλα
1128 867 1229 927 σιωτῶ
1262 860 1326 924 κσὲ.

124 971 217 1056 quod
246 969 446 1055 praecedenti
477 970 600 1032 ‘HMIN
631 967 662 1031 δὲ
687 975 768 1048 mim
792 971 976 1056 respondet,
1000 970 1131 1036 fortasse
1154 967 1329 1034 secundum

123 1099 184 1142 mc
207 1077 286 1142 feret
309 1077 510 1141 sententiam.

179 1181 270 1260 Quod
303 1179 444 1248 Graecus
473 1178 572 1246 lector
603 1184 737 1246 coniecit
769 1183 900 1258 τούτων,
934 1204 1128 1269 quamquam
1150 1183 1231 1248 forte
1254 1181 1330 1245 huic

125 1290 203 1354 loco
234 1291 341 1354 minus
373 1293 422 1353 est
450 1289 742 1367 accommodatum,
775 1290 872 1356 habet
902 1295 1011 1356 tamen
1033 1290 1085 1354 τδν
1110 1288 1332 1366 Δημοσθενικδν

128 1403 340 1476 χαρακτῆρα,
373 1396 429 1479 qui
469 1414 561 1478 saepe
591 1393 672 1460 solet
695 1395 889 1462 adversarios
911 1400 946 1461 in
969 1418 1034 1482 rep.
1058 1399 1092 1460 in
1115 1397 1263 1460 concione
1286 1413 1331 1458 se-

131 1503 246 1566 dentes
268 1500 459 1586 simplioiter
481 1501 606 1568 τούτοος
632 1500 684 1565 vel
707 1501 848 1566 rocroort
871 1501 1073 1588 appellitare,
1098 1503 1193 1566 utin
1215 1500 1334 1565 vicinia

128 1628 207 1694 pag.
233 1604 287 1670 36.
314 1605 367 1670 10.
392 1601 440 1676 οὓς
465 1603 491 1668 δ’
516 1606 545 1669 ἐν
571 1607 613 1686 τῷ
638 1603 764 1688 τολέμῳ
785 1607 976 1688 συμμάχους
999 1605 1196 1684 ἐκτησάμεθα
1219 1606 1332 1686 εἰρήνης

129 1713 223 1783 οὔσης
259 1711 494 1776 ἀπολωλέκασιν
528 1720 681 1789 ΟΤΤΟΙ,
716 1733 794 1798 quos
824 1713 924 1779 oculis
955 1712 1008 1782 vel
1040 1735 1140 1779 manu
1170 1713 1327 1801 designat.

130 1817 290 1904 Neglecta
318 1817 414 1882 huius
445 1838 522 1882 usus
545 1817 724 1884 observatio
748 1819 850 1884 alium
872 1818 980 1886 locum
1005 1818 1147 1885 Oratoris
1171 1821 1329 1903 corrupit,

135 1929 174 1988 ut
196 1925 280 1990 intra
301 1923 515 1990 ostendemus.

181 2137 383 2221 Quicumque
403 2137 615 2221 discrepantes
633 2136 789 2203 librorum
810 2141 981 2223 scripturas
1001 2137 1173 2225 diligenter
1191 2139 1332 2221 inspexe-

135 2247 177 2308 rit
201 2249 234 2308 et
258 2243 344 2308 unde
370 2243 448 2307 certi
471 2262 590 2308 errores
613 2243 901 2329 propullulaverint
923 2247 1059 2310 rimatus
1078 2244 1192 2320 merit,
1212 2244 1332 2327 passim

135 2350 307 2414 mirabitur
331 2369 428 2432 quam
453 2346 538 2414 leves
562 2355 593 2414 ct
616 2349 726 2415 futiles
748 2349 937 2416 homunculi
959 2350 1060 2416 illotis
1082 2349 1232 2414 manibus
1251 2349 1332 2412 anti-

137 2475 198 2540 qua
233 2453 418 2518 litterarum
452 2461 660 2521 monumenta
694 2460 930 2523 temeraverint.
985 2456 1077 2539 Quod
1111 2454 1224 2520 Orator
1257 2473 1332 2518 oum

138 2561 344 2626 acerbissima
372 2561 475 2624 ironia
503 2561 626 2626 dixerat
653 2583 726 2650 pag.
759 2560 813 2628 37.
847 2561 875 2629 7.
902 2565 954 2630 xci
978 2565 1013 2629 rt
1037 2559 1331 2644 ἀνδρειότατον

138 2674 194 2730 τῶν
227 2664 379 2744 ὑμετέραν
410 2667 509 2730 αὐτῶν
544 2666 637 2748 χάριν
669 2669 741 2748 πρὸς
773 2669 936 2750 ὀφείλετε,
968 2670 1042 2736 vide
1072 2670 1155 2734 mihi
1177 2672 1215 2732 ut
1236 2663 1334 2730 nihili

138 2778 292 2836 corrector
321 2773 502 2837 vitiaverit:
536 2771 745 2853 ἀνδρειότατον
774 2777 808 2839 in
841 2776 899 2841 tali
930 2797 963 2841 re
994 2776 1070 2861 quid
1094 2779 1175 2840 esset
1196 2775 1333 2838 miratus

139 2877 176 2942 de
207 2897 266 2943 suo
299 2879 449 2944 audacter
479 2883 646 2965 supposuit
670 2917 712 2928 -
737 2881 813 2965 quid
836 2879 950 2968 putas?
974 2901 1087 2967 nempe
1112 2878 1333 2958 ἀνανδρότατον

140 3005 236 3070 caque
267 2983 460 3069 perabsurda
493 2989 672 3050 coniectura
703 3007 813 3052 omnes
836 3009 919 3052 nunc
942 2986 1040 3052 libros
1064 2986 1188 3052 obsidet
1210 2988 1334 3072 praeter

141 3089 180 3169 S,
205 3093 261 3176 qui
285 3089 372 3156 solus
395 3090 607 3171 ἀνδρειότατον
631 3091 670 3156 ab
690 3093 825 3158 interitu
844 3097 998 3172 servavit,
1019 3099 1052 3158 et
1071 3093 1149 3158 duos
1169 3091 1264 3167 alios,
1276 3088 1335 3154 ubi

141 3195 181 3262 ad
202 3196 429 3276 ἀνανδρότατον
453 3201 622 3262 annotatur
645 3200 678 3262 in
702 3201 848 3285 margine
868 3223 916 3279 γρ.
940 3198 1149 3280 ἀνδρειότατον
1170 3198 1332 3276 εἰρωνικῶς.

143 3302 203 3383 Qui
234 3301 294 3368 tali
323 3302 393 3368 loco
418 3303 502 3387 apud
525 3305 672 3370 Atticum
697 3307 883 3391 scriptorem
907 3307 1043 3371 ironiam
1066 3308 1101 3369 in
1124 3300 1334 3384 ἀνδρειότατον

142 3429 203 3474 non
243 3411 342 3474 sentit
384 3408 461 3493 qnid
503 3409 632 3474 tandem
676 3430 751 3474 eum
794 3411 960 3477 hominem
1002 3414 1118 3477 sentire
1159 3404 1335 3496 putemus?

144 3513 191 3580 (δι’.
228 3535 309 3600 quae
346 3515 385 3580 de
417 3535 454 3580 ea
484 3537 517 3580 re
548 3515 739 3604 collegimus
769 3517 810 3582 ad
840 3516 1016 3604 Hyperidis
1046 3517 1138 3596 λόγον
1169 3513 1335 3596 ἐτιτάφιον

188 3833 253 3902 Hic
283 3834 414 3920 quidem
446 3833 535 3900 locus
567 3855 606 3899 ex
631 3833 711 3899 bono
733 3831 816 3900 libro
840 3833 919 3900 olim
942 3836 1111 3900 restitutus
1134 3839 1198 3900 est:
1223 3833 1339 3900 addam

146 3940 282 4008 alterum
314 3961 331 4005 e
354 3939 455 4004 simili
479 3943 662 4005 correctoris
686 3942 867 4006 temeritate
892 3940 1083 4007 adhaesere
1107 3941 1244 4006 dixerim
1267 3939 1339 4005 vul-

146 4053 301 4114 neratum.
349 4045 464 4110 Editur
487 4067 561 4132 pag.
588 4043 663 4109 134.
688 4043 742 4111 22.
768 4045 870 4110 ἀδικεῖ
892 4045 1088 4132 (Philippus)
1111 4046 1208 4111 τολὺν
1230 4045 1337 4127 χρόνον

147 4153 198 4229 ἤδη
225 4152 355 4240 (melius
376 4171 449 4240 pag.
476 4150 529 4218 70.
555 4149 583 4217 ’7.
610 4151 664 4227 ἤδη
689 4150 810 4234 χρόνον)
831 4152 883 4216 καὶ
905 4149 991 4216 τοῦτ’
1014 4153 1107 4225 αὐτὸς
1130 4150 1223 4232 ἀριςα
1244 4150 1338 4216 σύνοι-

148 4261 193 4324 διν
218 4262 319 4340 αὑτῷ·
349 4253 391 4330 οἷς
415 4259 478 4337 γάρ
501 4252 581 4321 οὖσιν
607 4258 759 4338 ὑμετέροις
782 4256 848 4337 ἔχει
870 4265 1052 4323 xeflceru
1071 4261 1187 4330 τούτοις
1209 4255 1339 4324 ἅπαντα

148 4361 253 4432 τάλλα
280 4365 419 4444 βεβαίως
444 4361 602 4437 κέκτηται.
649 4363 881 4450 Interpolatum
904 4369 952 4430 est
974 4364 1013 4428 ab
1037 4365 1145 4449 inepto
1169 4369 1340 4430 correctore

148 4476 289 4554 χρῆσθαι.
335 4471 453 4536 Manus
483 4467 624 4536 Oratoris
654 4477 779 4538 servata
810 4476 857 4535 est
888 4490 961 4556 pag.
995 4467 1049 4535 70.
1082 4469 1111 4536 9.
1146 4470 1231 4534 unde
1263 4470 1341 4536 haec
