3308 5090
882 395 947 467 114

321 587 373 658 his
392 589 595 658 Aristotelem
618 588 761 656 fabulam
781 587 821 654 de
841 586 1007 654 Atlantide
1027 591 1130 654 totam
1150 582 1433 654 aPlatonefietnm
1445 601 1514 648 esse

324 700 507 764 existimare
530 717 664 781 eamque
687 703 724 760 ut
747 695 811 760 alia
833 695 988 780 quaedam
1011 693 1155 760 Platonis
1175 694 1387 772 τερετίσματυ
1407 691 1516 755 suavi*

324 808 373 867 ter
396 803 516 879 ridere,
541 807 574 866 et
597 801 729 877 dixisse,
755 800 1025 886 quemadmodum
1048 797 1209 865 Homerus
1231 802 1265 863 τὸ
1289 804 1347 862 τῶν
1372 795 1515 874 Ἀχαιῶν

324 916 431 990 τεῖχος
463 907 591 977 πλαίσιον
625 906 793 984 iidemu,
826 909 872 972 sie
902 905 1068 971 Platonem
1093 905 1268 971 Atlantidis
1292 901 1432 970 insulam
1447 903 1515 986 fia·

325 1015 405 1078 sisae
426 1013 559 1099 primum
584 1013 623 1078 de
645 1012 747 1079 nihilo
771 1019 804 1078 et
826 1012 939 1078 deinde
953 1012 1100 1096 flantibus
1122 1013 1262 1078 obruisse.
1309 1009 1422 1076 Utriua
1445 1029 1515 1073 een·

325 1121 426 1186 tentia
447 1122 491 1185 sit
514 1121 635 1197 sanior,
660 1117 825 1185 Posidonii
849 1138 888 1184 an
912 1113 1110 1196 Aristotelis,
1137 1129 1200 1184 non
1222 1117 1314 1186 eredo
1334 1135 1401 1182 esse
1419 1113 1517 1181 valde

326 1225 506 1293 obscurum.

371 1437 541 1524 Sequitur:
574 1436 689 1522 είκοίζει
721 1438 752 1504 δὲ
782 1438 834 1503 καί
867 1439 922 1514 τὴν
944 1443 1005 1502 τῶν
1029 1436 1175 1517 Κίμβρων
1198 1435 1251 1500 sal
1275 1441 1334 1500 τῶν
1357 1439 1519 1512 συγγενῶν

328 1543 515 1618 diatonicam
550 1545 584 1608 εἰι
613 1550 669 1616 τῆς
700 1544 814 1615 tiresiae
845 1542 987 1622 γενέσθαι
1018 1543 1104 1608 κοντοὶ
1135 1541 1294 1617 inanime
1324 1539 1432 1622 ἔφοδον
1462 1543 1518 1606 oda

328 1651 437 1728 οἰίρὸιιν
457 1649 641 1728 συμβᾶσαν.
691 1648 754 1730 Qui
776 1650 861 1716 buno
879 1648 986 1715 looum
1005 1653 1229 1736 compararunt
1248 1669 1323 1713 eum
1342 1669 1417 1736 pag.
1437 1644 1518 1712 293.

329 1755 423 1823 obliti
454 1767 529 1821 sunt
560 1755 598 1821 de
622 1775 685 1840 qua
707 1777 741 1820 re
765 1762 890 1841 agatur.
936 1753 1126 1820 Posidonius
1148 1753 1262 1820 multis
1286 1753 1442 1840 exemplis
1465 1753 1519 1820 de-

329 1858 463 1928 elaravit
494 1882 586 1947 saepe
615 1859 684 1926 fieri
714 1867 771 1926 aut
801 1877 903 1926 terrae
932 1867 1024 1926 motu
1054 1866 1111 1926 aut
1137 1859 1299 1926 similibus
1323 1861 1518 1947 quibusdam

330 1971 434 2033 eansis
464 1973 502 2034 nt
534 1973 619 2032 terre
640 1969 674 2031 in
698 1966 800 2033 altum
824 1964 1010 2036 extolletur.
1037 1964 1089 2030 vel
1113 1966 1272 2042 considat,
1297 1966 1349 2032 vel
1373 1967 1520 2031 huiusce-

329 2073 418 2139 modi
448 2093 585 2161 magnae
608 2075 802 2138 mutationes
825 2077 858 2137 et
880 2091 987 2136 rerum
1010 2073 1227 2137 conversiones
1250 2070 1336 2138 fiant.
1372 2067 1522 2136 Gemme-

330 2185 436 2244 morat
465 2176 610 2244 Platonis
632 2177 849 2252 Atlantidem,
874 2197 971 2262 quom
995 2176 1074 2242 dioit
1096 2197 1159 2243 non
1181 2199 1248 2244 esse
1270 2175 1428 2243 dissimile
1450 2178 1520 2242 veri

330 2283 482 2350 fluetibus
509 2285 707 2350 submersam
731 2290 763 2347 et
785 2283 878 2368 plane
901 2284 1047 2348 obrutam
1072 2282 1179 2348 foisse.
1225 2283 1347 2349 Deinde
1370 2283 1409 2348 de
1433 2278 1520 2348 Oina-

330 2391 397 2454 bris
427 2389 589 2474 loquitur,
622 2410 737 2474 nempe
767 2394 804 2453 ut
825 2397 933 2474 pateat
955 2391 1111 2476 migrasse
1134 2409 1187 2455 eos
1210 2411 1249 2455 ex
1271 2391 1369 2456 avitis
1391 2388 1521 2454 aedibus

331 2498 430 2561 maris
461 2498 625 2582 repentino
651 2498 778 2579 impetu
801 2499 932 2559 coaetos.
981 2493 1051 2575 Quo
1073 2501 1165 2580 paeto
1178 2498 1291 2583 igitur
1313 2498 1346 2560 in
1369 2495 1429 2560 hae
1453 2515 1520 2560 sen·
1645 2507 1646 2516 ’

332 2604 506 2666 tentiarum
527 2603 746 2667 coniunctione
766 2601 901 2666 seribere
920 2603 1026 2686 potuit
1044 2598 1078 2665 id
1098 2600 1182 2686 quod
1203 2600 1289 2666 dooti
1300 2603 1520 2686 suspicantur,

330 2703 477 2772 Gimbros
511 2726 573 2772 non
608 2709 677 2774 vim
711 2726 867 2791 aquarum
901 2706 1067 2794 effugisse,
1099 2707 1154 2772 sed
1184 2707 1395 2772 latrooinandi
1426 2725 1522 2772 eausa
1644 2777 1645 2810 p

331 2814 476 2899 regiones
509 2810 605 2899 longe
639 2813 766 2876 dissitas
799 2813 959 2897 petivisse.
1014 2812 1144 2899 Pugnat
1176 2813 1211 2878 id
1244 2835 1320 2879 oum
1354 2811 1521 2878 Strabonis

331 2916 501 2983 manifesta
531 2919 695 2983 sententia.
738 2915 837 2983 Aliud
866 2919 969 3004 igitur
999 2919 1225 3003 quaerendum.
1262 2918 1413 2984 inlibris
1437 2917 1521 3004 qnod

333 3029 398 3102 est,
421 3021 536 3090 lenone
557 3021 681 3090 laborat
703 3025 749 3090 sio
773 3023 838 3088 fere
860 3022 1054 3110 supplenda:

741 3129 883 3206 γενέσθαι
936 3135 1022 3192 κοντοὶ
1068 3129 1107 3193 ia

740 3231 861 3306 λάττης
892 3229 999 3310 ἔφοδον
1028 3235 1062 3299 οὐ
1093 3259 1112 3300 ιι

743 3337 822 3426 (αυτοὶ
845 3339 879 3404 τὸ
904 3340 1002 3412 sledda
1025 3342 1113 3428 ἀλλ’)

745 3443 854 3524 septas
928 3447 1110 3522 συμβᾶσαν,

332 3553 410 3620 haee
444 3552 576 3618 demum
611 3570 685 3616 oum
720 3547 884 3617 Strabonis
919 3556 1196 3639 argumentatione
1230 3553 1309 3619 bene
1344 3559 1459 3620 coeunt
1491 3562 1523 3620 et

333 3659 513 3724 oonieotura
544 3655 707 3723 Posidonii
737 3677 810 3745 pag.
842 3654 908 3722 293
933 3656 996 3724 alio
1020 3663 1156 3744 spectat,
1180 3679 1294 3746 nempe
1316 3663 1355 3723 ut
1378 3659 1524 3727 ostendat
1641 3679 1642 3686 ¹

332 3764 402 3836 τοὺς
426 3763 580 3843 Κίμβρους
605 3768 637 3828 et
659 3762 729 3835 τοὺς
754 3763 937 3838 Κιμμερίους
961 3762 1030 3836 τοὺς
1055 3765 1120 3845 περὶ
1141 3765 1196 3840 τὴν
1219 3772 1362 3831 Moerim
1381 3785 1524 3834 nonense

334 3871 475 3938 diversos
496 3871 625 3936 nomine
647 3873 775 3935 tantum
796 3868 911 3934 leviter
935 3875 1071 3936 mutato.

379 4081 441 4149 Sed
471 4083 700 4171 gravissimum
731 4083 877 4147 omnium
908 4083 1027 4148 vitium
1058 4083 1182 4148 obsidet
1209 4105 1350 4171 eaquae
1373 4089 1524 4154 oontinno

333 4195 519 4275 sequuntur.
565 4187 661 4253 Ponit
683 4187 718 4252 rb
741 4193 795 4259 ric
819 4188 992 4262 οἰκουμένης
1015 4196 1112 4264 μῆκος
1137 4209 1203 4255 esse
1226 4190 1308 4254 ἑπτοί
1332 4215 1391 4256 που
1414 4193 1524 4272 μυριά-

334 4296 389 4361 ino
420 4294 532 4363 ςιιδίυυ
557 4329 600 4344 -
623 4291 680 4360 ties
713 4293 833 4378 (Φνοὶν)
866 4295 928 4359 ἀπὸ
961 4303 1016 4374 τῆς
1050 4294 1161 4366 ideam
1196 4305 1327 4362 ΕΤΡΩΙ
1360 4301 1463 4364 πλέον
1495 4300 1524 4364 ἐν

335 4400 502 4470 τοσούτοις
526 4397 668 4479 μυριάσιν
693 4397 771 4464 iader
795 4397 833 4464 tv
857 4400 898 4472 νίς
923 4399 1043 4472 Ἰνδούς.
1090 4399 1280 4487 Interpretee
1298 4403 1344 4470 nil
1363 4409 1525 4492 suspieen-

335 4513 390 4573 tnr
419 4503 499 4571 mali
529 4511 561 4571 et
591 4505 672 4572 bona
698 4501 759 4570 tide
782 4511 927 4571 vertunt:
956 4506 1076 4592 „itaque
1098 4508 1136 4571 nd
1158 4529 1263 4574 οοοονν
1285 4527 1369 4576 anuo
1391 4517 1526 4591 spone
