3296 5104
902 339 945 408 18

328 537 415 601 enim
449 547 497 600 est
531 531 780 612 Graeculorum,
815 554 872 619 pro
906 555 969 620 quo
1005 541 1128 600 veteres
1163 537 1329 617 τορῶφόνι
1360 537 1549 602 dicebant.

369 749 450 835 Pag.
475 747 529 812 24.
556 744 608 810 19.
633 744 713 810 πολὺ
737 746 801 825 γὰρ
823 747 946 816 πλείους
969 749 1119 828 ἀφορμὰς
1142 749 1185 820 είς
1209 749 1244 812 τό
1270 752 1325 824 τήν
1348 749 1445 827 τυροὶ
1477 755 1549 812 τοῖιν

329 858 400 920 θεῶν
423 854 539 918 εὔνοιαν
561 851 646 933 ἔχειν
668 852 721 931 ipsi
746 855 818 929 ὑμῖν
841 853 1005 925 'erutam
1030 854 1047 930 ή
1072 856 1180 935 ’natvm
1221 855 1424 941 Quamquam
1455 855 1548 919 libri

330 982 440 1026 omnes
458 963 492 1024 in
510 959 635 1030 ε’νοόους
654 957 790 1024 fideliter
808 962 1006 1044 conspirant,
1026 965 1134 1024 tamen
1154 964 1318 1046 perinepta
1338 961 1414 1026 haec
1429 961 1546 1026 lectio

331 1073 380 1135 est
409 1071 442 1132 et
472 1069 541 1130 sine
569 1068 783 1131 controversia
812 1065 907 1136 νόσοις
931 1064 1177 1131 emendandum.
1222 1066 1364 1154 Vulgata
1386 1087 1459 1131 non
1488 1071 1546 1130 est

330 1177 439 1240 minus
459 1170 596 1236 ridicula
618 1191 655 1236 ao
676 1174 705 1236 ai
728 1173 800 1256 quis
822 1169 921 1236 vellet
944 1171 1049 1236 dicere
1071 1167 1143 1237 οἶδμ’
1167 1196 1212 1236 τοι
1239 1174 1345 1236 τολλόι
1366 1174 1542 1250 χρήματα

329 1279 474 1344 ἘΝόντιι
503 1298 561 1362 pro
590 1277 675 1341 όντιι.
721 1275 812 1342 Idem
841 1277 995 1341 mendum
1026 1277 1201 1344 inoleverat
1231 1299 1304 1366 pag.
1328 1277 1382 1343 68.
1408 1276 1473 1342 28.
1504 1279 1542 1340 οὐ

329 1387 392 1466 γὰρ
413 1384 450 1458 δή
472 1385 599 1462 τριήρεις
621 1407 661 1460 γε
685 1384 738 1465 όρᾷ
763 1383 885 1452 πλείους
907 1385 1014 1457 αὐτοῖς
1039 1381 1056 1456 ή
1081 1384 1153 1460 ὑμῖν
1176 1385 1350 1456 ἘΝοιίτως.
1397 1383 1434 1449 Si
1458 1382 1540 1448 fieri

328 1497 434 1578 potest
463 1491 516 1573 όρρῐ
546 1491 672 1568 τριήρεις
704 1490 826 1561 τολλόις
851 1491 924 1566 ὑμῖν
947 1490 1073 1561 ε’νονίοοις
1096 1493 1196 1556 etiam
1218 1493 1324 1577 magis
1346 1489 1538 1554 ridiculum

329 1603 378 1664 est
407 1617 505 1682 quam
528 1597 582 1679 όρᾷ
605 1597 761 1676 χρήματα
785 1597 890 1660 τολλόι
915 1597 986 1673 ὑμῖν
1010 1596 1127 1661 ἐνόντα.
1173 1596 1266 1662 Nunc
1287 1597 1416 1681 quidem
1439 1595 1537 1659 liber

328 1703 353 1770 S
374 1704 482 1770 lucem
504 1701 633 1779 attulit,
656 1704 713 1788 qui
735 1701 821 1768 aolus
843 1705 990 1768 omnium
1012 1703 1108 1771 οὗτος
1131 1705 1281 1769 servavit

373 1917 469 1982 Fatui
491 1919 679 1982 correctores
702 1913 833 1980 insulsis
856 1913 1083 1982 additamentis
1109 1917 1268 1990 eximium
1289 1915 1397 1979 locum
1418 1916 1533 1999 inqui·

329 2029 447 2088 norunt
469 2043 544 2110 pag.
569 2022 624 2087 25.
653 2021 707 2086 14.
724 2023 759 2086 τί
777 2021 937 2086 ποιούντων
956 2021 1038 2098 ὑμῶν
1060 2024 1074 2086 ό
1094 2022 1201 2102 χρόνος
1222 2022 1395 2096 διελήλυθεν
1417 2017 1510 2092 οὗτος
1521 2041 1530 2096 ;

334 2128 382 2199 ίςε
411 2130 475 2212 γόιρ
506 2129 602 2203 δήπου
631 2129 712 2194 τοῦθ’
735 2123 781 2192 ότι
806 2127 982 2205 μελλόντων
1007 2128 1162 2216 [οὐτῶν],
1187 2129 1303 2209 ἑτέρους
1326 2129 1413 2198 τινόις
1438 2128 1531 2190 ε’λντι-

335 2237 444 2318 ζόντων
475 2234 620 2316 τρόξειν,
652 2234 840 2313 αἰτιωμένων
870 2235 1045 2312 ἀλλήλους,
1070 2237 1242 2316 κρινόντων,
1267 2235 1363 2300 πόλιν
1387 2232 1531 2313 ἐλπιζόν-

333 2369 414 2421 των,
435 2344 547 2424 οχεδὸν
565 2341 671 2407 τοιότοὶ
691 2339 771 2421 ι’ότερ
790 2340 850 2404 νυνί
870 2341 1031 2406 τοιοιίντων
1055 2337 1155 2428 [ότοις
1174 2341 1305 2422 όχρόνος
1318 2339 1526 2424 διελήλυόεν].

332 2451 426 2516 Prior
454 2448 659 2533 interpolatio
690 2468 729 2513 ex
751 2446 908 2512 librorum
931 2448 1124 2514 dissensione
1146 2451 1310 2535 argonitnr:
1334 2450 1368 2510 in
1391 2448 1528 2510 caeteris

334 2559 421 2622 enim
452 2561 501 2620 eat
531 2551 710 2632 μελλόντων
740 2555 839 2636 ὑμῶν,
868 2556 903 2617 in
925 2551 949 2618 S
971 2553 1149 2632 μελλόντων
1172 2558 1288 2632 αὐτῶν,
1311 2553 1394 2638 quod
1417 2556 1526 2616 incon-

332 2662 467 2728 siderate
493 2667 676 2746 receptum:
700 2680 838 2746 namque
862 2659 944 2736 ὑμῶν
967 2661 1098 2745 quidem
1122 2681 1314 2748 quamquam
1338 2661 1466 2724 fatuum
1491 2663 1524 2722 et

330 2765 522 2855 languidum
552 2771 600 2831 est
630 2769 739 2831 tanim
769 2771 818 2833 est
839 2769 1015 2833 sententiae
1037 2768 1330 2840 accommodatum,
1354 2768 1386 2830 τί
1408 2765 1524 2828 τοιοόν-

331 2898 390 2938 των
433 2873 529 2949 datin
577 2872 785 2957 respondetur
825 2873 1002 2950 μελλόντων
1036 2875 1135 2953 ὑμῶν,
1171 2874 1226 2940 sed
1260 2878 1360 2938 αὐτῶν
1393 2871 1521 2936 nullum

331 2981 461 3045 omnino
493 2978 590 3043 habet
622 2976 740 3044 locum.
786 2977 824 3043 In
855 2983 987 3045 caeteris
1016 2983 1191 3047 concitatas
1219 2982 1370 3046 orationis
1401 2977 1524 3063 ellipsis

333 3090 562 3166 γραμματικῶς
586 3084 713 3171 expleta
735 3091 831 3152 vexat
852 3087 944 3152 nobis
968 3105 1069 3152 eures.

379 3297 460 3384 Peg.
491 3295 546 3361 25.
578 3295 631 3360 20.
655 3297 692 3360 δι’
715 3291 754 3361 ὧν
777 3299 812 3362 εἰς
835 3303 956 3378 χρήςῶν
979 3303 1095 3380 φοιΐνλιτ
1118 3299 1161 3362 τόο
1185 3297 1367 3378 τροίγμοιτυ
1389 3306 1445 3372 τῆς
1468 3299 1521 3362 τό·

333 3420 411 3476 λεως
433 3403 545 3480 γέγονε
566 3402 618 3466 διό
642 3404 756 3468 τούτων
781 3402 924 3484 ἐλπίζετε
948 3405 1021 3489 [τῶν
1042 3407 1144 3470 αὐτῶν
1161 3403 1313 3493 πράξεων]
1338 3405 1372 3468 εἰι
1391 3404 1521 3484 Φωόλων

334 3510 420 3576 οιότόι
450 3508 556 3590 xpus&
585 3511 778 3587 γενήοεοόοοι.
825 3509 1045 3599 Expungenda
1075 3517 1150 3578 sunt
1178 3513 1315 3578 molesta
1344 3513 1441 3577 verba
1462 3517 1520 3576 τῶν

334 3618 435 3682 αὐτῶν
455 3613 606 3694 τρόξεων,
629 3618 744 3702 quibus
762 3617 934 3682 verborum
952 3620 1145 3683 concinnitas
1157 3618 1311 3694 laeditur,
1325 3639 1404 3704 qnae
1415 3621 1520 3702 inepte

334 3721 497 3788 abundant
519 3727 568 3806 et,
592 3723 676 3807 quod
695 3725 924 3811 gravissimum
944 3729 1009 3800 est,
1030 3745 1105 3789 cum
1124 3724 1347 3790 Demosthenis
1366 3727 1521 3790 sententia

334 3833 489 3915 pugnant.
535 3827 608 3894 Non
632 3831 718 3894 enim
742 3830 791 3894 διόο
815 3827 953 3909 τρόξειόν
977 3853 1063 3895 τινων
1086 3853 1135 3896 res
1159 3832 1403 3897 Atheniensium
1427 3831 1520 3896 afflie-

334 3941 386 3999 tae
419 3937 524 4010 eraut,
556 3934 611 3999 sed
642 3931 687 3999 ότι
718 3933 862 4010 ladiniaco
895 3935 978 4001 οὐδὲν
1001 3943 1165 4009 ποιοῦντες.
1198 3937 1309 4023 Itaque
1333 3939 1383 4002 διὰ
1406 3938 1519 4002 τούτων

336 4045 385 4104 est
407 4040 458 4104 διόι
480 4041 630 4122 ίριόυμίοις
650 4043 703 4106 nai
725 4042 839 4120 οίργίοις
858 4041 911 4107 cal
930 4045 1094 4120 μολοιιιίοις
1114 4044 1165 4108 καί
1188 4043 1322 4118 δειλίας,
1343 4050 1376 4109 et
1393 4046 1520 4110 omnino

336 4147 473 4211 minime
496 4145 545 4210 διόι
569 4143 707 4226 τροίξεώς
732 4170 821 4220 τινος.

380 4359 460 4445 Peg.
492 4356 546 4423 29.
579 4357 609 4424 7.
642 4362 657 4422 d
687 4359 744 4436 μὲν
775 4356 823 4424 οὖν
854 4369 1007 4427 ΠΛΡΩΝ
1036 4364 1136 4440 κοιιρὸς
1158 4361 1242 4442 είτερ
1265 4371 1384 4428 uoTe
1405 4371 1520 4434 τολλής

335 4465 492 4546 φροντίδος
524 4464 576 4528 cat
607 4465 724 4542 βοολής
754 4465 864 4532 δεῑτοιι.
912 4467 1057 4533 Absurde
1079 4469 1209 4554 quidem
1232 4469 1309 4535 haec
1332 4473 1433 4536 oratio
1454 4481 1519 4535 est:
