3356 5084
907 375 973 445 482

346 568 490 659 [κελεθιο]
529 569 605 636 δέκα
638 567 785 648 οτρθσβειι
819 569 885 635 κτὲ.
923 565 1030 635 scioli
1061 566 1229 650 antiquum
1263 561 1426 628 obtinent:
1461 561 1538 645 quia

346 675 430 758 φημὶ
464 674 526 743 δεῖν
556 681 589 743 et
618 681 827 756 χειροτονῆσαι
858 672 934 740 δέκα
966 671 1111 754 οτρθσβειο
1139 673 1189 735 coc
1211 668 1317 734 verbis
1339 668 1538 752 interpositis

347 781 485 849 diremta
513 787 589 848 eunt
618 780 752 848 salitum
780 779 920 847 iirlcrum
951 778 1066 846 κελεθο
1097 779 1347 862 supposuerunt,
1378 793 1443 859 quc
1472 791 1538 838 nou

346 890 480 955 utimur.

391 1098 473 1186 Peg.
506 1095 584 1164 292.
609 1097 641 1164 8.
666 1096 771 1173 ἐπειδὴ
794 1096 822 1162 δ’
845 1097 878 1162 οὗ
901 1094 992 1173 τθτε,
1017 1091 1105 1159 οἱλλοὶ
1128 1095 1180 1156 νῦν
1203 1087 1298 1168 δεῖξον
1327 1087 1422 1176 [εἰσὶ]
1445 1088 1494 1162 τθς
1518 1089 1537 1164 ῆ

345 1201 457 1283 λθγος,
478 1197 568 1268 ὅντιν’
588 1205 682 1284 θχρῆν
700 1203 808 1287 εὑρεῖν,
830 1203 847 1280 ῆ
869 1201 970 1282 καιρθς
989 1195 1152 1280 συμφέρων
1172 1196 1224 1260 ὑπ’
1245 1195 1321 1272 ἐμοῦ
1340 1193 1538 1275 παρελείφθη

349 1312 403 1393 [τῆ
426 1306 545 1396 οτθλει].
593 1309 700 1398 Vulgo
721 1308 859 1396 legitur:
885 1345 929 1358 —
952 1305 1059 1384 δεῖξον.
1086 1303 1152 1368 εἰπὲ
1175 1303 1223 1375 τθς
1246 1301 1311 1366 κτὲ.
1355 1298 1418 1366 sed
1440 1299 1540 1378 δεῖξον

348 1417 463 1481 vitiose
495 1416 541 1480 aic
570 1414 714 1482 absolute
743 1417 890 1500 ponitur,
914 1417 946 1480 et
967 1415 1052 1478 iuter
1074 1408 1170 1487 δεῖξον
1191 1413 1224 1474 ct
1247 1405 1314 1474 εὶτθ
1337 1406 1419 1472 nihil
1443 1407 1539 1494 plana

349 1521 490 1588 interest.
536 1520 669 1588 Raeecto
701 1518 894 1588 emblemate
921 1521 1043 1606 optime
1072 1517 1192 1583 habent
1222 1517 1346 1582 omnia:
1372 1515 1462 1580 ἄλλα
1485 1519 1539 1580 νῦν

347 1625 446 1703 δεῖξον
474 1627 522 1700 τθι
548 1624 641 1706 λόγος
666 1629 684 1704 ῆ
708 1624 808 1707 καιρθς
832 1625 1036 1707 οταρελεθφθκ.
1082 1622 1187 1690 Verba
1207 1631 1247 1705 τῆ
1268 1620 1357 1687 τθλει
1381 1619 1451 1687 laco
1473 1640 1539 1688 nou

349 1753 408 1800 cuc
428 1735 534 1821 pcaita
554 1737 588 1799 et
610 1751 738 1819 prorsus
760 1751 993 1816 supervacanea
1014 1728 1103 1796 tolie.

392 1939 474 2028 Peg.
494 1937 572 2007 295.
594 1936 648 2007 17.
671 1938 719 2011 τθτ
744 1938 807 2020 γὰρ
828 1939 882 2004 οὐκ
900 1933 978 2004 οἶδεν
1001 1976 1043 1988 -
1065 1935 1112 2006 θτι
1132 1939 1184 2004 καὶ
1203 1937 1291 2019 οταρθι
1311 1936 1462 2017 Θνβαθοιν
1481 1935 1539 2000 καὶ

349 2045 436 2128 ταρὰ
466 2051 526 2112 τῶν
556 2043 601 2112 ἔτι
631 2042 746 2110 τοθτοιν
777 2042 917 2125 οιρθτερον
940 2045 1071 2125 θσχιιρῶν
1093 2043 1263 2124 γενομένων
1285 2043 1540 2121 Λακεδαιμονθιον

349 2152 403 2217 καὶ
434 2151 522 2232 ταρὰ
551 2155 606 2217 τοῦ
637 2151 759 2230 Περσῶν
789 2150 946 2231 βασιλέως
977 2151 1063 2228 μετὰ
1093 2159 1212 2225 πολλῆς
1239 2148 1368 2233 χοθριτοε
1389 2151 1476 2214 τοῦτ’
1500 2147 1540 2214 ἂν

354 2256 521 2346 [οἰομένοις]
546 2257 629 2330 deden
653 2267 691 2340 τῇ
716 2255 822 2335 οτθλει,
847 2251 865 2320 θ
886 2279 916 2321 τι
940 2255 1091 2335 βούλεται
1114 2254 1259 2338 λαβοθσρ
1280 2255 1333 2320 καὶ
1357 2254 1401 2319 τοὶ
1425 2255 1540 2329 ἑαυτῆς

349 2363 465 2448 ἐχούσῃ
494 2361 531 2428 ad
562 2362 758 2442 κελευόμενον
792 2370 888 2428 ποιεῖν
919 2363 971 2427 καὶ
995 2363 1049 2427 ἕῖιν
1072 2359 1170 2443 ἕτερον
1192 2363 1253 2428 τῶν
1275 2363 1431 2436 Ἑλλήνων
1452 2385 1540 2441 τροε-

348 2473 453 2542 catam.
485 2469 562 2537 ἀλλ’
595 2473 649 2536 οὐκ
680 2467 714 2545 ῆν
740 2469 828 2535 ταῦθ’
847 2470 886 2543 ὡς
910 2466 986 2534 ἔοικε
1008 2477 1073 2544 τοῖς
1098 2467 1196 2556 [τθτε]
1223 2467 1393 2541 Ἀθκναθοις
1417 2466 1539 2548 τιθτρια

348 2578 414 2644 ari.
471 2577 629 2666 Expunga
662 2574 734 2642 τθτε
768 2595 808 2640 cx
840 2573 1049 2641 deterioribus
1081 2575 1173 2641 libris
1206 2577 1364 2640 inscrtum
1397 2579 1432 2640 et
1464 2573 1541 2639 vide

347 2705 446 2771 quam
465 2685 508 2749 sit
527 2683 747 2749 vehementior
765 2685 798 2747 et
817 2679 977 2746 ardentior
997 2682 1167 2747 verborum
1186 2681 1351 2746 sententia.
1373 2681 1400 2745 οθ
1417 2687 1542 2746 ΤΟΤΕ

352 2790 505 2866 Ἀθηναῖοι
536 2788 654 2854 dicitur
684 2785 723 2853 de
747 2791 832 2853 certo
854 2791 888 2852 et
910 2785 1040 2853 definito
1063 2791 1205 2874 tempora
1228 2791 1260 2852 ct
1282 2806 1346 2853 una
1368 2786 1541 2853 homiuum

349 2901 468 2974 aetate,
501 2892 557 2959 ecd
586 2895 622 2958 in
652 2894 694 2959 iis
723 2913 803 2978 quae
832 2892 1024 2978 praecedunt
1054 2897 1120 2959 trec
1149 2897 1269 2960 aetatce
1292 2898 1540 2960 enumerantur:

349 3000 472 3068 bellum
501 2998 685 3076 Persicum,
718 3000 891 3084 imperium
927 2996 1174 3084 Spartanorum,
1209 2999 1434 3065 Th0bauorum
1468 3005 1541 3087 poet

348 3108 517 3174 victoriam
539 3104 740 3171 Leuctricam
762 3105 916 3190 potentia.

392 3211 505 3297 Itaque
526 3209 580 3276 vel
601 3209 662 3275 hac
684 3209 723 3275 de
746 3229 840 3275 causa
862 3211 1085 3295 importunum
1106 3208 1179 3275 τθτε
1201 3210 1409 3276 resecandum
1432 3213 1505 3277 erit.

392 3316 430 3383 In
458 3314 719 3401 praecedentibus
747 3315 834 3393 uerat
865 3323 984 3389 πολλῆς
1016 3315 1145 3397 κοθριτοο
1174 3321 1207 3382 et
1229 3316 1369 3395 οἰομένας
1392 3338 1542 3404 perverse

346 3420 553 3509 copulantur,
585 3421 661 3506 quia
689 3419 750 3486 hoc
779 3423 863 3486 ineat
890 3422 927 3486 iu
955 3419 1023 3486 illo.
1058 3421 1179 3488 Redeat
1207 3424 1313 3510 igitur
1339 3421 1483 3502 θεμένοις
1504 3425 1542 3490 iu

347 3546 540 3616 marginem.

393 3736 474 3825 Pag.
504 3731 581 3802 296.
615 3732 646 3802 5.
678 3735 727 3807 τθς
757 3733 821 3816 γὰρ
846 3737 900 3801 οὐκ
923 3733 963 3800 ἂν
985 3736 1186 3815 ccccmo
1209 3741 1267 3802 τῶν
1286 3736 1398 3819 ἀνδρῶν
1420 3739 1541 3806 θκεθνειν

346 3849 403 3919 τῆς
427 3846 557 3924 decades
583 3845 616 3907 et
638 3845 710 3928 poet
731 3861 833 3928 pauca
851 3842 1000 3923 Κνρσθλον
1022 3845 1402 3917 καταλιθώσαντες.
1436 3845 1541 3912 Num·

347 3970 446 4036 quam
468 3947 579 4014 audiri
597 3949 785 4032 scriptorem
805 3949 953 4014 Atticum
972 3946 1157 4027 θγοθσαοθαι
1186 3948 1345 4016 dicantem
1372 3971 1429 4037 pro
1455 3953 1540 4030 eya

348 4058 474 4133 σθῆναι,
505 4073 607 4139 neque
636 4073 793 4138 umquam
824 4073 935 4120 corum
965 4057 1135 4141 quiequam
1166 4057 1353 4121 καταλιθοῦν
1375 4057 1460 4124 dixit
1482 4079 1540 4144 pro

348 4159 554 4238 καταλεύειν,
578 4163 617 4225 ut
638 4161 673 4224 iu
694 4158 754 4224 hac
777 4161 846 4245 ipsa
869 4161 1003 4226 historia
1025 4160 1137 4226 scribit
1159 4159 1341 4228 Herodotus
1364 4163 1423 4229 lx
1448 4165 1478 4229 5.
1506 4171 1540 4230 ct

349 4268 495 4333 omnium
517 4275 671 4353 perpetua
693 4265 887 4332 cousuetudo
910 4271 968 4332 eet.
1012 4265 1162 4352 Suspicor
1183 4269 1287 4355 igitur
1310 4268 1431 4355 aliquid
1455 4271 1539 4336 frau-

348 4373 397 4439 die
426 4372 554 4438 eubeece
574 4376 607 4439 et
629 4374 752 4437 veteres
775 4369 905 4438 lacunae
928 4372 1092 4439 vocabulis
1112 4392 1175 4439 non
1198 4375 1316 4440 Atticis
1335 4375 1415 4442 clim
1438 4377 1539 4444 fureo

344 4477 495 4565 expletae.
530 4477 625 4562 Erat,
648 4478 775 4564 opinor,
800 4479 1040 4545 Arcem*
1061 4482 1094 4545 et
1116 4480 1332 4545 ww*
1351 4489 1537 4570 CANTec,
