3296 5104
348 554 504 634 άτιμῶσαι
517 589 560 602 -
572 553 741 633 άτιμάσαι.

349 684 466 742 Alpa.
490 672 573 756 αθρα.
597 675 681 756 sicci.
706 674 759 756 ἐρῶ
782 695 857 742 cum
880 678 1074 764 compositis.

347 797 505 877 βούλομαι
520 834 561 845 -
573 794 776 875 βουλεύομαι.

347 917 485 1000 δεκάζειν
498 951 539 966 -
553 915 696 999 δικάζειν.

348 1037 522 1118 διεωσάμην
535 1077 577 1090 -
590 1039 792 1119 διεσωσάμην.

352 1161 454 1241 δόξαν,
479 1159 623 1242 δεδόχθαι
637 1197 679 1210 -
693 1158 810 1247 δεῖξαι,
835 1160 1003 1244 δεδεῖχθαι.

350 1283 506 1362 θξιίιτησεν
520 1319 562 1332 --
577 1281 734 1364 ἔζητησεν.

350 1404 485 1477 ἐπέτειος
499 1441 540 1453 -
554 1403 702 1477 ἐνιαότινς.
831 1475 834 1482 ,

351 1523 404 1601 ἕως
419 1563 462 1576 -
474 1525 561 1599 τόσας.

351 1647 429 1726 ἥδιον
442 1685 484 1698 -
497 1646 579 1714 θδινν.

350 1767 555 1851 ἠκκλησίαζον
569 1805 611 1818 -
624 1767 851 1850 ἒξεκλησόαζιν.

349 1889 490 1973 κρλάψαι
504 1940 511 1968 ,
538 1887 712 1970 θκκιλάψαι
725 1929 769 1941 -
782 1889 893 1971 κόψαι,
918 1889 1060 1972 ἐκκόψαι.

350 2011 477 2091 κνριόσαι
491 2048 534 2061 -
546 2019 711 2089 κοσμῆσαι.

350 2135 502 2215 ληχθῆναι
516 2170 558 2183 -
571 2134 739 2215 λεχθῆναι,
764 2133 931 2213 δειχθῆναι.

350 2253 462 2336 όμόσαι
475 2291 519 2304 -
530 2257 734 2333 ὁμολογῆσαι.

351 2376 477 2459 πάτριος
491 2413 533 2426 -
547 2381 706 2458 πατρῶινς.

351 2499 440 2572 πόλις
454 2535 495 2548 -
509 2495 665 2563 τιλιτεόα.

351 2618 478 2702 πράττει
491 2657 533 2670 -
547 2616 748 2701 προστάττω.
773 2616 888 2688 τάττει.

348 2745 486 2824 τράγμα
500 2777 542 2790 -
554 2737 760 2821 πρόσταγμα.

348 2867 418 2948 ρρἶιν
431 2900 473 2913 -
485 2860 596 2944 όρίδινν.

347 2985 454 3068 σφόσιν
468 3020 511 3032 -
522 2988 629 3064 φησιν.

347 3108 380 3174 τό
402 3105 505 3173 ταθόιν
518 3104 605 3170 -τό
627 3103 742 3183 μαθών.

347 3229 434 3304 τότθη
448 3265 490 3277 -
503 3225 590 3302 τάθη.

347 3350 468 3432 φαίνειν
482 3344 642 3429 -Φόρειν
667 3351 699 3412 et
724 3349 907 3433 composita.

347 3469 468 3553 φθεόριι.
493 3467 726 3551 περιφθεόρνμαι
741 3505 782 3516 -
797 3465 890 3550 Φέρει.
915 3467 1129 3551 τεριΦέρνμαι.

347 3595 487 3676 Φλαῦρνν
501 3629 544 3640 --
555 3594 690 3674 Φαῦλνν.

302 3714 417 3802 quibus
440 3711 562 3779 similia
583 3710 719 3798 quilibet
742 3731 781 3776 ex
803 3715 957 3798 apparatu
978 3707 1098 3777 Oritico
1121 3710 1282 3797 Platonis,
1306 3712 1494 3781 Demosthe·

300 3837 351 3902 nis
374 3838 407 3900 et
429 3832 566 3900 eliorum
589 3833 683 3921 plene
704 3853 803 3899 manu
825 3831 959 3898 adiicere
982 3835 1109 3918 peterit.

345 3955 556 4043 Inspiciamus
588 3976 627 4021 ex
656 3955 707 4020 his
738 3953 891 4022 nonnulla
925 3953 1032 4040 paullo
1068 3954 1266 4044 diligentius.
1315 3965 1422 4021 ΑΙΡΩ
1456 3961 1494 4023 ut

301 4097 392 4145 casus
422 4081 455 4142 et
483 4077 611 4143 fertum
639 4077 760 4142 ferebat
788 4081 846 4142 aut
876 4073 948 4156 αθριι
978 4081 1035 4142 aut
1064 4077 1136 4157 αἱρῶ
1161 4077 1357 4144 scribebatur
1380 4080 1494 4144 autin

302 4200 355 4281 ἐρῶ
383 4198 661 4284 corrumpebatur,
686 4197 819 4263 utini
844 4195 935 4275 λόγος
961 4197 1023 4278 ἐρεῖ
1042 4218 1099 4284 pre
1123 4199 1211 4278 αἱρεῖ.
1258 4197 1345 4264 Hinc
1367 4219 1493 4266 sexcen-

301 4322 362 4387 ties
385 4321 468 4385 inter
490 4340 523 4384 se
544 4320 775 4404 permiscentur
798 4317 952 4399 αθρεσθαι,
978 4320 1142 4400 αἱρεῖσθαι,
1167 4317 1315 4400 ἄρασθαι,
1339 4320 1492 4406 άρεῖσθαι,

301 4440 477 4524 αἰρόμενος,
509 4439 644 4522 ἐρόμενος
676 4445 709 4506 et
738 4441 810 4509 sim.
847 4443 881 4506 in
915 4441 1031 4527 quibus
1066 4441 1215 4507 omnibus
1250 4461 1330 4528 quaa
1364 4443 1492 4510 videtur
