3308 5090
689 387 731 458 81

148 578 239 667 Peg.
274 577 353 645 206.
389 577 443 646 26.
472 580 505 646 ού
536 577 600 660 γίορ
631 576 670 644 ἂν
701 581 841 658 ηγούροαι
871 579 938 661 περί
971 581 1079 649 τούτου
1111 583 1200 661 μόνον
1232 584 1305 662 ἡμῖν

97 681 190 752 εἶναι
222 685 275 751 τὸν
306 685 398 764 λόγον
431 687 502 767 πρὸς
535 685 678 756 ἐκείνους.
711 687 786 752 ἀλλ’
820 685 900 755 ἒοίσω
933 687 970 754 τί
1001 687 1035 767 γ’
1061 689 1306 755 decentissimis

97 815 180 868 μοι·
214 791 281 874 περὶ
315 798 437 857 πολλῶν
462 791 488 858 δ’
512 791 549 858 ἂν
573 788 658 870 οἶμαι
684 792 814 858 κίνδυνον
838 797 911 873 ηροίν
934 793 1089 874 γενέσθαι.
1137 796 1205 876 Qua
1228 817 1306 864 usus

99 903 177 963 erat
214 898 387 964 vehemens
417 903 523 965 orator
551 899 780 978 devoratrices,
814 922 885 967 enm
916 906 948 968 et
971 904 1092 968 scribae
1116 907 1148 970 et
1168 903 1305 970 editores

98 1025 241 1091 prorsus
264 1005 481 1070 obscurarunt.
528 1003 655 1071 Scribe:
681 1043 724 1054 —
750 1008 822 1083 siaiu
846 1003 924 1072 είναι
950 1008 1002 1072 τὸν
1024 1008 1117 1086 λύγον
1136 1009 1207 1090 πρὸς
1229 1009 1305 1075 ἑκεί-

100 1134 174 1182 νους
188 1132 334 1161 -----
347 1160 356 1187 ‚
381 1117 453 1177 tum
471 1117 543 1198 post
561 1113 657 1178 breve
677 1111 861 1178 silentium:
882 1115 958 1180 ἀλλ’
979 1113 1059 1180 isica
1083 1115 1120 1182 τί
1131 1119 1164 1195 γ’
1178 1117 1304 1182 ἐπελθὸν

100 1220 210 1283 εἰπεῖν
240 1241 309 1294 μοι.
342 1221 380 1283 ut
409 1221 444 1282 in
467 1219 608 1284 oratione
623 1241 683 1304 pro
710 1219 831 1286 Οονοινο.
855 1241 930 1309 pag.
955 1218 1031 1287 226,
1059 1219 1110 1287 18.
1135 1223 1212 1288 ἀλλ’
1235 1220 1303 1299 lael

100 1324 166 1402 μέν
181 1359 327 1402 -----
360 1325 392 1388 ού
425 1323 581 1403 βούλομαι
606 1323 637 1389 δὲ
659 1326 804 1406 δυσχερὲς
830 1327 926 1392 εἰπεῖν
950 1327 1032 1393 οὐδὲν
1055 1327 1226 1409 ύρχίροενος
1250 1331 1303 1393 τοῦ

100 1430 219 1506 λόγου.
264 1429 495 1496 Demosthenes
529 1432 631 1518 igitur
665 1452 764 1516 quum
800 1431 951 1500 dixisset:
984 1435 1060 1499 ἀλλ’
1092 1433 1172 1500 doira
1203 1433 1240 1500 τί
1270 1436 1304 1513 γ’

102 1537 239 1602 ἔπειθον
269 1539 367 1602 εἰπεῖν
398 1558 471 1613 μοι,
505 1541 538 1602 et
561 1538 607 1602 sic
630 1537 815 1624 gravissimi
837 1539 973 1624 periculi
995 1545 1027 1606 et
1050 1541 1243 1607 discriminis
1266 1542 1304 1607 de

100 1641 214 1708 salute
236 1645 450 1730 suspicionem
473 1645 508 1707 in
531 1643 652 1708 civium
678 1645 794 1709 animis
816 1647 987 1731 movisset,
1008 1648 1143 1713 verbum
1164 1646 1304 1735 amplius

102 1769 170 1814 non
197 1748 322 1814 addidit
346 1754 378 1815 et
402 1750 528 1814 transiit
552 1748 595 1821 ad
616 1747 704 1813 aliud
723 1755 961 1837 argumentum.
1009 1751 1093 1818 'lum
1112 1774 1169 1840 pro
1186 1752 1304 1820 Demo·

102 1855 220 1921 sthene
244 1875 314 1920 sero
334 1857 402 1919 nati
421 1852 598 1942 magistelli
618 1857 809 1920 sententiam
829 1857 868 1922 ab
888 1878 924 1923 eo
943 1857 981 1923 de
999 1859 1158 1925 industria
1176 1859 1304 1927 silentio

103 1982 290 2048 oppressam
321 1960 361 2026 de
394 1980 451 2025 suo
481 1958 663 2045 supplentes
695 1961 943 2046 adscripserunt:
977 1964 1042 2044 περί
1067 1970 1189 2030 πολλῶν
1214 1964 1240 2030 δ’
1263 1965 1303 2032 ἂν

104 2063 198 2145 οἶμαι
222 2067 355 2132 κίνδυνον
378 2068 451 2143 ημῖν
474 2063 628 2145 γενέσθαι.
676 2065 807 2133 Frustra
830 2070 865 2134 iu
887 2067 938 2134 his
957 2069 1119 2137 Dobraeus
1137 2071 1205 2151 περί
1226 2087 1303 2137 πολ-

104 2179 160 2239 λοῦ
194 2175 349 2239 coniecit:
381 2192 445 2237 una
477 2170 574 2237 litura
598 2172 675 2237 haec
698 2175 807 2238 omnia
828 2173 928 2240 deleri
951 2179 1074 2262 oportet
1095 2175 1210 2241 multis
1231 2180 1303 2262 post

104 2280 359 2346 Demosthenem
394 2277 527 2344 saeculis
561 2277 752 2363 interpolata
782 2279 821 2344 ab
853 2300 905 2357 eo,
939 2283 994 2366 qni
1014 2303 1069 2347 ‚ne
1102 2281 1302 2348 intellexerat

105 2386 237 2472 quidem
261 2385 296 2450 id
321 2384 405 2470 quod
429 2403 577 2449 summus
600 2388 705 2450 orator
729 2384 926 2467 ἕναργίςατα
950 2392 1153 2474 expresserat.

150 2599 232 2688 Peg.
267 2596 345 2665 207.
377 2597 407 2661 2.
439 2594 633 2675 βουλομένων
657 2595 688 2660 δὲ
714 2595 857 2674 γενίσύαι
880 2598 983 2679 Φίλων
1003 2601 1133 2687 [αὐτῶν]
1158 2597 1206 2666 ίνα
1229 2601 1300 2665 τού-

108 2707 227 2771 ναντίον
259 2698 293 2769 ei
324 2709 443 2770 ποιῶσιν
476 2703 559 2780 ἡμᾶς
588 2703 771 2782 βασκαίνειν
799 2703 852 2769 καί
885 2713 1009 2771 σκοπεῖν
1040 2707 1075 2784 ἐξ
1098 2701 1166 2771 ύτου
1189 2705 1300 2786 τρίπον

106 2813 149 2890 μὴ
174 2811 370 2890 γενήσονται.
407 2809 587 2875 Pronomen
613 2809 727 2882 αὐτῶν,
750 2810 835 2895 qnod
854 2811 928 2878 boni
948 2815 1115 2899 scriptores
1134 2815 1169 2877 in
1188 2812 1300 2887 huius-

106 2917 231 2984 cemodi
266 2916 336 2984 loco
366 2915 468 2983 solent
500 2917 663 2993 omittere,
697 2935 733 2981 eo
764 2915 833 2982 loco
864 2920 1007 3003 positum
1035 2923 1083 2984 cst
1105 2924 1143 2985 nt
1164 2919 1217 2987 vel
1239 2921 1299 2987 hoc

104 3024 223 3090 indicio
248 3025 396 3111 spurium
421 3027 454 3090 et
475 3023 654 3088 insiticium
679 3041 745 3086 esse
767 3019 907 3108 patefiat.

149 3237 304 3324 Sequitur
325 3258 400 3325 pag.
424 3232 501 3301 207.
528 3232 558 3298 5.
584 3234 635 3297 καί
660 3234 705 3310 μη
729 3232 911 3312 γιγνύσκειν
936 3230 981 3300 ύτι
1004 3232 1062 3317 dcc
1081 3234 1121 3302 hv
1141 3237 1298 3304 σπουδαιο-

105 3343 204 3424 τέρονς
239 3345 365 3414 τούτους
401 3341 467 3422 περί
506 3339 664 3416 Θηβαίους
693 3339 921 3418 γεγενημένους
952 3341 1133 3421 ἀποδείξωσι
1165 3344 1298 3428 τοσούτῳ

107 3453 243 3523 πλείονος
268 3451 361 3530 ίννῗις
385 3448 472 3513 αὐτοί
497 3444 620 3519 δικαίως
644 3444 682 3511 ίον
707 3445 894 3527 τυγχοίνοιεν
913 3449 939 3513 εί
960 3449 1098 3515 τοιούτων
1118 3449 1298 3533 συμμοίχων

106 3559 158 3632 την
181 3556 273 3623 πόλιν
298 3555 358 3643 [ὅτ’
384 3557 436 3637 ἐφ’
462 3555 545 3631 ὑμᾶς
571 3551 727 3633 προτέρους
751 3549 838 3628 ἦλθον
859 3553 875 3630 η
899 3555 1071 3640 Θηβαίους]
1092 3559 1298 3639 ύπεςέρησαν.

108 3660 176 3729 Scio
199 3685 268 3729 esse
290 3664 406 3750 quihus
429 3680 493 3728 non
516 3659 609 3726 facile
632 3659 859 3744 persuadeatur
881 3661 1056 3746 praeclaras
1074 3663 1298 3733 Demosthenis

107 3771 261 3836 orationes
284 3768 433 3835 futilibus
456 3765 604 3832 sutilium
628 3765 799 3831 hominum
822 3769 1091 3834 adnotatiunculis
1110 3791 1178 3837 esse
1198 3772 1299 3840 defor-

107 3881 223 3952 matae,
257 3876 313 3942 sed
341 3896 424 3940 nunc
456 3874 541 3938 mihi
564 3871 633 3937 dari
656 3870 756 3938 velim
780 3876 988 3958 quantumvis
1009 3877 1205 3961 pertinacem
1226 3879 1297 3945 vul-

108 3987 197 4068 gatae
228 3984 403 4068 scripturae
435 3979 631 4046 defensorem
661 3999 696 4044 ac
725 3979 905 4057 vindicem,
938 3981 993 4046 sed
1017 3981 1153 4048 eundem
1177 3981 1298 4052 Graece

108 4089 257 4153 scientem
289 4092 322 4153 et
351 4085 513 4152 iudicandi
545 4083 696 4150 facultate
727 4085 927 4170 praeditum,
954 4092 986 4152 et
1009 4108 1128 4177 magna
1151 4109 1204 4155 me
1226 4113 1297 4178 spes

108 4193 190 4259 tenet
217 4193 285 4259 fore
316 4199 354 4258 ut
382 4213 456 4258 eum
480 4194 514 4256 in
536 4211 642 4256 meam
669 4193 859 4258 sententiam
883 4195 1065 4278 pertraham
1088 4193 1178 4260 futili
1201 4194 1298 4266 Gree-

110 4299 175 4366 culo
210 4299 319 4366 debari
351 4300 449 4365 verba
484 4293 530 4362 ὅτ’
562 4298 615 4376 ἐφ’
649 4297 732 4374 case
766 4297 923 4377 προτέρους
956 4297 1043 4375 ἦλθον
1074 4300 1091 4376 ἢ
1126 4301 1295 4381 Θηβαίους.

110 4403 251 4471 Primum
270 4403 353 4470 mihi
369 4404 615 4470 animadvertito
635 4424 731 4488 quam
749 4406 931 4490 importuno
943 4404 1012 4473 loco
1038 4409 1102 4473 sint
1112 4409 1300 4496 interposita

110 4515 143 4575 nt
166 4513 343 4578 arctissime
363 4509 583 4599 coniungenda
600 4509 626 4575 εί
649 4509 791 4575 τοιούτων
806 4510 986 4593 συμμάχων
1006 4513 1061 4588 την
1079 4511 1169 4580 πόλιν
1187 4516 1300 4590 dress.

1137 4617 1153 4664 e
