3304 5090
703 319 767 396 iot

190 516 265 606 Pag.
288 514 363 582 726.
388 520 441 584 καὶ
466 519 528 598 γαρ
552 519 637 598 αὐτῷ
660 519 712 584 καὶ
735 527 798 591 τοῖς
822 519 1009 596 συνεκβσῖσνν
1033 519 1047 584 ί
1069 518 1161 592 αὐτὸς
1188 509 1322 599 ὑποίρὲαι

144 622 216 690 *AN
244 623 356 705 Φίέρος.
405 625 571 690 Kromon:
606 623 665 702 ,μέν
695 649 749 690 om.
786 627 874 690 codd.
908 649 968 691 ατο.
993 647 1081 709 mon,
1105 626 1138 688 in
1161 626 1265 712 quibas
1288 627 1325 690 de

148 731 305 796 συνέκειντο
326 736 369 794 σοί
387 729 552 794 additam.”
582 729 643 796 ’Ἂν
665 731 772 797 σίνοντο
790 751 852 796 non
873 736 993 816 potest,
1014 732 1068 797 sed
1086 730 1144 796 illo
1162 731 1231 797 loeo
1249 734 1325 818 poni

148 858 205 902 non
226 839 334 921 potnit.
382 836 420 901 In
443 857 506 921 qna
528 839 614 902 enim
638 839 795 903 sententia
818 837 881 917 νοίρ
902 842 934 903 et
953 835 990 902 ἄν
1011 839 1263 926 coniunguntur,
1284 835 1323 902 ἄν

149 965 248 1026 reaper
265 948 335 1028 post
353 940 415 1023 νοίρ
434 943 616 1008 collocatur.
649 941 841 1029 Saepissime
860 948 969 1009 autem
989 949 1060 1028 post
1080 945 1142 1023 γάρ
1162 945 1324 1009 omittitur

150 1049 181 1111 in
197 1046 282 1112 libris
297 1045 351 1132 ἄν,
371 1050 469 1114 etiam
490 1049 573 1134 apud
588 1055 696 1135 poetas
711 1047 858 1136 iugulato
871 1057 974 1115 metro
987 1056 1020 1115 et
1032 1070 1143 1115 manea
1155 1051 1320 1115 sententia.

188 1257 263 1345 Peg.
286 1255 361 1322 729.
390 1255 434 1326 έςι
458 1258 489 1323 δὲ
513 1257 565 1323 καί
590 1264 682 1338 Κῦρος
708 1258 850 1336 ποταμὸς
873 1259 942 1338 ῥέων
967 1267 1062 1324 ΠΕΡΙ
1086 1255 1322 1337 Πασαργάδας,

149 1364 276 1441 dixerat,
300 1369 338 1430 ut
361 1367 488 1449 opinor,
513 1374 628 1430 ΠΛΡΑ
653 1364 881 1442 Πασαργάδας.
919 1364 1027 1430 Etiam
1052 1363 1124 1429 aliis
1141 1363 1220 1431 locis
1240 1364 1324 1450 apud

150 1467 323 1536 Strabonem
347 1473 460 1536 vitiose
484 1471 602 1536 dieitur
625 1470 743 1536 fluvius
763 1471 873 1537 urbem
894 1470 1100 1536 oirountfluere
1121 1491 1176 1555 pro
1190 1477 1324 1554 proeter-

148 1574 235 1642 flnere
256 1576 336 1660 (περί
358 1597 416 1662 pro
438 1574 550 1662 ταρσί).

186 1785 261 1872 Peg.
287 1784 362 1852 730.
406 1784 530 1863 Μοίρανν
553 1785 668 1850 σίτΙσιν
689 1786 916 1863 λαμβανόντων
935 1789 1002 1851 καθ’
1024 1787 1138 1868 ἡμέραν
1156 1787 1321 1868 πρόβατον.

147 1895 284 1976 quoniam
327 1913 451 1958 anseres
487 1897 519 1957 et
553 1890 634 1958 aliae
666 1891 809 1958 volueres
844 1891 1028 1971 σντίζονταν,
1061 1895 1116 1960 sed
1147 1894 1322 1961 sacerdotes

147 2003 307 2075 σιτοῦνται,
332 1997 557 2084 corrigendum
581 1997 719 2062 σίτΗσιν.

185 2205 264 2272 Raro
284 2207 354 2272 vidi
377 2205 550 2272 feliciorem
569 2207 823 2274 emendationem
843 2228 939 2292 quam
960 2229 1022 2293 qua
1041 2201 1228 2296 Madvigius
1246 2229 1318 2297 pag.

148 2310 213 2376 136.
244 2315 278 2378 in
301 2315 465 2401 integrum
489 2317 631 2380 restitnit
652 2313 760 2379 loonm
783 2311 947 2378 Strabonis
969 2335 1042 2402 pag.
1069 2313 1144 2381 731.
1168 2315 1225 2380 ubi
1247 2335 1321 2380 enu-

145 2424 237 2484 merat
265 2417 372 2483 τοέντα
403 2421 445 2484 τοὶ
477 2421 508 2482 έν
539 2429 578 2500 τῇ
610 2419 732 2496 Περσίδι
766 2419 919 2498 χρήματα
949 2421 1099 2504 praedam
1129 2420 1319 2488 Alexandri:

145 2526 217 2606 Φασί
247 2526 278 2591 δὲ
307 2529 403 2606 χωρὶς
431 2533 489 2592 τῶν
521 2528 551 2590 έν
582 2526 743 2603 Βαβυλῶνι
776 2527 826 2590 καί
857 2533 915 2590 τῶν
947 2526 977 2591 ἐν
999 2529 1040 2605 τῷ
1065 2527 1239 2607 τρατσπέδςν
1263 2534 1321 2594 τῶν

145 2633 203 2712 περί
235 2641 386 2698 ΤΑΥΤΑ
417 2642 482 2698 ΜΗ
514 2634 700 2714 ΛηΦέέντυν
723 2632 807 2696 αὐτοὶ
828 2632 870 2696 τίν
895 2633 924 2696 έν
949 2631 1074 2704 Σούσοις
1100 2671 1142 2681 -
1167 2632 1320 2715 τέτταρας

145 2739 283 2816 μυριάδας
316 2738 482 2805 ταλάντων
513 2737 724 2814 ἐξετασθῆναι.
772 2737 969 2804 Felicissime
998 2741 1136 2824 repperit
1158 2737 1321 2804 Strabonis

144 2865 285 2920 manum,
318 2867 399 2930 quae
419 2845 506 2911 *haee
534 2851 599 2911 ost:
623 2852 682 2909 τῶν
706 2845 737 2910 ἕν
759 2846 802 2924 τῷ
825 2844 999 2924 ςρατστέδῳ
1022 2852 1050 2908 T
1055 2853 1105 2910 ΩΙ
1131 2845 1196 2922 περὶ
1221 2855 1320 2910 FAT-

144 2959 318 3018 ΓΑΜΗΛΑ
348 2934 536 3034 ληφθέντων.
568 2951 609 3018 of.
642 2973 715 3040 pag.
751 2947 826 3016 737.
875 2949 1079 3028 Γαυγάμηλα
1109 2951 1213 3026 κώμη,
1246 2953 1277 3015 έν
1304 2949 1322 3032 ᾗ

144 3059 247 3136 συνέβη
279 3060 432 3134 νικηθῆναι
464 3057 515 3121 καί
548 3057 725 3134 ἀποβαλεῖν
757 3058 813 3130 την
842 3058 943 3136 ἀρχὴν
975 3063 1116 3133 Δαρεῖον,
1150 3062 1182 3121 et
1212 3056 1319 3121 addit:

144 3165 166 3228 οί-
185 3167 285 3242 μέντοι
311 3163 489 3235 Μακεδόνες
514 3165 581 3244 περ)
602 3162 754 3242 Ἄρβηλα
777 3165 831 3237 την
856 3162 965 3241 μοίχην
990 3166 1224 3242 κατεφήμισαν.

183 3373 252 3440 Non
273 3376 382 3439 minus
404 3378 489 3439 certa
512 3378 544 3438 et
567 3372 644 3438 felix
668 3376 716 3436 est
739 3370 882 3436 eiusdem
906 3375 1057 3438 eorrectio
1075 3370 1138 3439 loni
1155 3393 1228 3461 pag.
1243 3372 1320 3440 831.

144 3481 194 3546 nbi
224 3481 262 3546 do
292 3477 436 3546 Caesaris
466 3482 599 3546 vintoris
623 3481 657 3543 in
680 3477 763 3543 bello
786 3477 934 3543 Africano
957 3499 1061 3544 sermo
1084 3487 1149 3544 est:
1175 3480 1246 3560 πρὸς
1272 3475 1322 3553 αίς

146 3585 270 3672 (τέλεσι)
302 3583 539 3663 κατεπολέμησε
571 3592 692 3662 Καῖσαρ
724 3584 882 3648 Σκιπίωνα
914 3585 928 3648 ὃ
959 3585 1023 3658 θεὸς
1056 3585 1127 3664 πρὸς
1158 3588 1321 3666 Ῥονσπίνορ

144 3693 194 3768 μὲν
222 3699 338 3772 πρῶτον
366 3697 451 3756 νικῶν
475 3729 516 3739 -
541 3687 610 3756 εἶτα
635 3691 706 3768 πρὸς
732 3687 833 3771 Θάψῳ
858 3690 909 3754 καί
933 3700 970 3772 τη
996 3693 1125 3766 πλησίον
1149 3693 1241 3773 λίμνη
1268 3693 1320 3757 καὶ

145 3806 207 3872 ταῖς
233 3801 392 3870 Ἀλλαις.
440 3796 490 3862 Ex
521 3799 671 3882 scriptore
698 3798 735 3859 de
759 3797 833 3860 teto
856 3797 959 3882 Afric.
987 3806 1072 3876 „eret
1093 3806 1228 3879 νίαρννυοο
1249 3799 1322 3861 rali-

145 3905 258 3969 κστννν”
289 3906 409 3990 optime
440 3906 575 3968 correxit
599 3903 651 3966 καί
676 3911 747 3972 ταῖς
769 3900 894 3974 “Asara
931 3901 994 3968 Sed
1016 3905 1050 3968 in
1069 3905 1179 3969 eodem
1199 3902 1266 3968 loeo
1291 3909 1324 3969 et

146 4010 273 4076 alterum
304 4009 458 4076 mendum
488 4009 591 4074 adhue
623 4007 712 4073 latet.
760 4006 847 4086 Quae
878 4013 925 4074 est
957 4017 1065 4074 autem
1094 4029 1131 4072 ea
1153 4009 1322 4074 verborum

146 4120 339 4201 compositio:
376 4115 614 4192 κατεπολέμησε
646 4122 766 4193 Καίσαρ
800 4115 958 4180 Σκιπίωνα
990 4115 1003 4178 ὁ
1035 4115 1109 4186 dade.
1154 4113 1323 4182 Poteratne

146 4223 289 4307 ineptiore
320 4221 393 4287 sede
423 4222 437 4286 ο“
470 4220 533 4293 θείς
565 4218 728 4286 collocarit
751 4219 823 4286 Non
845 4227 953 4286 tamen
976 4220 1206 4304 transponenda
1227 4222 1325 4288 verba

147 4335 228 4404 sunt,
252 4328 309 4394 sed
331 4329 345 4392 ί
370 4325 432 4400 θείς
457 4325 637 4392 delendum.

184 4434 289 4502 Nimis
320 4455 413 4520 saepe
443 4441 564 4514 Καίσαρ
594 4434 607 4498 t
642 4431 704 4504 θείς
738 4431 821 4516 apud
855 4429 1042 4497 Strabonem
1072 4429 1194 4516 legitur
1227 4433 1324 4518 (quod
