3356 5084
149 559 319 642 ερατεὺειν,
350 581 407 648 pro
438 560 675 643 λιποςράτιΟΝ.
724 563 887 630 Herodoto
917 562 1034 630 lioebat
1068 562 1172 629 dioere
1205 563 1240 631 V.
1277 563 1332 636 27.

146 667 216 740 τοὺς
246 667 305 746 μὲν
334 669 553 750 λιποςρατθΗΟ
582 669 633 733 ἐπὶ
667 669 788 742 Σιιὺθαο
820 670 1016 754 αἰτιώμενος,
1049 669 1103 736 sed
1138 689 1201 736 non
1235 672 1333 739 Athe·

146 774 318 840 niensihus.

191 987 272 1076 Peg.
307 987 383 1054 569.
416 987 470 1055 28.
501 988 664 1068 ιιειιθμιςιιι
693 990 786 1072 χάριν
810 993 844 1056 οὑ
868 989 957 1071 μθνον
980 988 1019 1056 ὑν
1042 992 1136 1066 αὑτὺς
1157 995 1331 1076 λελειτοὺρ-

146 1119 225 1172 year
248 1102 441 1175 λειτουργιῶν
464 1091 556 1171 astar
579 1096 687 1177 (μικρά
709 1098 771 1177 γάρ
796 1093 874 1173 αὑτιρ
895 1096 935 1176 γέ
954 1123 1000 1171 τις
1023 1095 1069 1186 ἦν)
1091 1097 1178 1164 άλλά
1199 1099 1330 1166 καὶτῶν

146 1200 294 1279 μεχθεειν.
342 1200 420 1290 Lag.
444 1201 538 1281 μικρά
562 1201 626 1283 γάρ
645 1200 722 1268 ”AN
745 1199 825 1278 αὑτιρ
848 1203 889 1282 γέ
911 1227 959 1278 τις
983 1200 1028 1279 ἦν.

191 1408 272 1498 Pag.
293 1406 369 1477 570.
397 1408 449 1474 16.
474 1407 592 1490 ἥρπασε
623 1421 747 1479 πλεῖν
777 1412 794 1490 ὑ
819 1413 911 1479 πέντε
933 1407 1090 1478 τάλαντα.
1142 1413 1331 1480 Rectissime

146 1517 191 1582 sio
215 1515 359 1582 Dindori.
383 1536 440 1601 pro
463 1525 580 1584 πλεῖον.
628 1515 815 1585 Constanter
837 1521 883 1584 sio
905 1518 1052 1584 dicebant
1074 1519 1176 1586 Attici
1199 1525 1288 1584 πλεῖν
1312 1518 1330 1594 ἤ

146 1625 174 1687 si
195 1643 349 1688 numerus
371 1629 571 1708 sequeretur,
596 1628 633 1689 ut
652 1625 735 1710 apud
758 1623 1021 1710 Aristophanem:

497 1738 587 1795 πλεῖν
611 1729 628 1806 ὑ
653 1729 800 1812 τριάκονθ’
824 1730 938 1810 ἡμέρας

498 1839 551 1900 τοὺ
575 1839 667 1914 gnate
691 1837 813 1907 ἑκάτον.

188 1939 364 2006 Rarissime
386 1948 477 2006 πλεῖν
502 1962 540 2006 ex
564 1943 739 2008 scribarum
761 1943 910 2008 manibus
930 1940 1077 2008 illaesum
1102 1944 1214 2009 evasit.
1249 1941 1331 2008 Sub·

145 2048 285 2112 stituunt
308 2045 400 2112 πλέον
424 2047 477 2113 vol
500 2057 604 2113 πλεῖον
627 2047 681 2116 vel
703 2057 830 2119 πλεῖεον
853 2048 906 2115 vel
929 2048 1036 2114 πλείω.
1082 2048 1256 2133 Postquam
1286 2068 1332 2112 se·

144 2151 209 2217 mel
249 2152 372 2238 liquido
415 2155 559 2218 constitit
604 2153 849 2220 Demosthenem
891 2174 1032 2238 quoque,
1068 2160 1105 2218 ut
1139 2148 1331 2238 antiquiores

145 2277 272 2336 omnes,
297 2265 387 2324 πλεῖν
411 2259 428 2334 ἤ
449 2258 580 2344 dixisse,
600 2260 773 2328 debuerant
792 2259 937 2326 Editores
956 2260 1037 2325 hane
1055 2259 1191 2325 sormam
1213 2259 1331 2344 ubique

144 2365 255 2428 invitis
278 2362 370 2428 libris
392 2365 568 2430 restituere.
604 2364 747 2432 Dindort.
772 2365 812 2432 ad
834 2385 908 2452 pag.
931 2363 1005 2430 503.
1030 2361 1083 2430 18.
1103 2366 1223 2451 optime
1243 2363 1331 2429 dedit

144 2477 265 2534 πλεῖν
300 2471 318 2546 i
351 2465 441 2546 άπαξ
472 2491 529 2555 pro
560 2471 667 2548 πλέον,
702 2479 823 2550 πλεῖον,
861 2479 1003 2550 πλεῖςον,
1035 2476 1067 2536 et
1098 2468 1218 2536 multos
1247 2468 1332 2536 loeos

143 2575 299 2641 indicavit
328 2575 438 2641 eodem
461 2577 602 2643 remedio
625 2577 815 2665 indigentes.
862 2577 975 2644 hivasit
997 2585 1086 2642 πλεῖν
1111 2577 1127 2651 ὑ
1152 2576 1273 2656 μυρίους
1297 2577 1332 2640 in

145 2683 267 2765 optimo
288 2677 312 2744 S
333 2701 405 2769 pag.
431 2680 507 2747 413.
531 2681 562 2748 2.
586 2682 640 2749 sed
662 2682 776 2749 multis
800 2681 873 2749 aliis
896 2683 973 2748 locis
995 2689 1088 2750 vetus
1108 2701 1193 2747 error
1212 2681 1330 2747 haeret.
1440 2761 1442 2764 Ι

144 2785 354 2853 scribendum
383 2789 486 2876 igitur
514 2810 588 2877 pag.
622 2785 698 2855 174.
731 2788 760 2854 2.
795 2797 885 2855 πλεῖν
915 2791 989 2875 (non
1011 2787 1121 2866 πλεῖοι)
1145 2789 1170 2852 t·
1195 2788 1212 2862 ἢ
1236 2786 1330 2867 μύρια

144 2893 300 2958 τάλαντα.
325 2914 397 2980 pag.
429 2892 504 2961 174.
531 2894 583 2959 11.
608 2902 698 2960 πλεῖν
725 2897 798 2983 (non
823 2893 933 2974 πλεῖοι)
956 2894 1012 2972 μὲν
1037 2893 1054 2966 ὑ
1075 2895 1168 2973 χῖλια
1189 2897 1226 2957 ut
1247 2891 1331 2979 apud

144 2999 388 3086 Aristophanem
412 3001 445 3064 in
468 3001 623 3067 Nutibus:
1283 3007 1285 3014 '

324 3105 377 3169 καὶ
400 3109 490 3170 τοῦτο
512 3113 602 3171 πλεῖν
626 3105 642 3182 d
666 3106 777 3188 μυρθων
801 3108 845 3176 ἐς*
867 3103 951 3184 άξιον
974 3104 1110 3184 ςατὺροιν

326 3211 500 3292 αἱρούμενον
523 3212 594 3285 τοὺς
618 3211 747 3290 ἥττονας
770 3212 881 3291 λόγους
905 3211 1016 3277 ἔπειτα
1040 3213 1134 3275 νιιιῖιν.

187 3422 269 3510 Peg.
307 3418 383 3487 572.
421 3419 451 3484 5.
488 3423 578 3484 τοῦτο
612 3419 675 3500 γάρ
711 3421 772 3485 ἐσθ’
801 3417 816 3484 ὑ
846 3419 1021 3504 φυλάττειν
1052 3421 1135 3498 ὑμεῖς
1167 3419 1229 3498 δεῖ,
1261 3421 1331 3494 τοὺς

144 3526 267 3606 νθριουε,
298 3530 351 3592 τὸν
382 3521 464 3608 ὑρκον
508 3527 599 3590 ταῦτ’
628 3521 709 3606 ἔχεθ’
734 3526 820 3604 ὑμεῖς
844 3527 870 3591 οῖ
894 3524 1065 3608 δικάζοντες
1088 3523 1137 3589 aiei
1163 3524 1248 3607 παρὰ
1272 3531 1329 3590 τῶν

144 3633 248 3700 άλλων
272 3631 398 3713 ὑστερεῖ
423 3631 697 3712 παρακαταθήκην.
735 3631 819 3713 Quid
841 3633 903 3698 sibi
925 3631 998 3697 vult
1016 3629 1083 3696 άεθῖ
1103 3630 1172 3712 Quo
1189 3629 1329 3716 spectati

143 3743 193 3807 An
224 3741 264 3807 ad
296 3737 409 3820 ἔχετεῖ
455 3737 517 3804 Sed
546 3741 652 3824 inepte
683 3737 865 3804 abundabit
913 3737 1041 3822 Repone
1065 3739 1169 3824 igitur
1193 3737 1279 3814 ὑμεῖς
1303 3739 1328 3804 οῖ

144 3850 223 3915 ’λεί
251 3843 437 3926 δικάζοντες.
485 3843 644 3929 Frequens
667 3845 786 3912 vitium
809 3847 841 3909 et
863 3863 955 3929 saepe
978 3863 997 3908 a
1020 3843 1111 3909 nobis
1132 3845 1291 3908 notatum.

189 3952 265 4019 Sine
288 3953 369 4019 vitio
386 3950 508 4038 legitur
526 3971 600 4038 pag.
625 3947 700 4018 577.
724 3949 777 4015 10.
798 3947 924 4028 βλέπων
944 3950 986 4021 εῖς
1007 3950 1058 4015 τὸν
1077 3948 1125 4013 άεῖ
1145 3948 1329 4028 θορυβοῦντα

134 4057 237 4125 τθπον
267 4061 323 4130 τοῖς
355 4057 532 4132 ἐκκλησίας.
566 4057 604 4122 et.
633 4076 707 4144 pag.
733 4053 808 4123 773.
833 4053 865 4119 2.
891 4054 905 4119 ὑ
929 4055 977 4119 άεῖ
1002 4052 1133 4136 δικάζειν
1155 4055 1275 4135 λαχών.
1300 4059 1331 4120 et

191 4375 274 4464 Peg.
310 4371 386 4440 572.
419 4369 450 4439 7.
482 4364 515 4446 ἣν
545 4370 664 4438 άπαοιν
683 4409 724 4421 -
742 4369 823 4456 σῷαν
851 4369 1003 4454 ὑπάρχειν
1026 4369 1080 4435 δεῖ.
1126 4369 1333 4437 Athenienses

147 4483 295 4550 dieebant
318 4481 332 4546 t
356 4486 430 4560 τοῖς,
457 4481 474 4557 i
499 4484 575 4558 τοῖς,
599 4483 633 4546 τὸ
657 4484 731 4566 τῶν,
755 4483 792 4545 ut
814 4479 898 4567 apud
921 4477 1106 4545 comicum:

1164 4595 1165 4598 ¹
1178 4588 1193 4632 s
