3356 5084
871 343 938 416 526

305 541 360 610 Sio
390 541 505 627 optimi
536 559 645 606 omnes
667 537 730 604 τίδ’
753 535 830 604 εῖναι
854 541 921 604 sine
944 559 1048 606 sensu.
1094 536 1212 603 Veram
1234 536 1406 601 lectionem
1429 530 1498 599 feli·

304 651 432 715 eissime
463 649 580 732 reperit
611 647 716 711 neseio
748 647 820 730 qnia
843 642 982 712 Graecus
1006 649 1182 719 eorreetor,
1204 663 1318 728 nempe
1342 642 1378 706 τὸ
1402 640 1497 705 δεῖνα.

305 756 447 840 Antiqua
471 755 627 838 scriptura
649 759 848 817 ΤΟΔΕΙΝΑ
875 752 992 816 soribas
1015 749 1180 815 fefellerat.

318 935 320 940 ¹
351 859 600 942 Nonnumquam
622 859 667 922 sio
692 879 731 922 ex
753 856 845 923 libris
868 857 1077 922 deterioribus
1099 857 1239 941 optimae
1258 838 1410 918 leetl0¹10s
1429 873 1501 937 pro-

307 965 405 1030 deunt
428 964 467 1029 ab
489 969 582 1028 aeuto
606 961 724 1028 leotore
747 964 915 1049 profectae.

354 1175 434 1262 Peg.
468 1171 545 1238 613.
577 1170 607 1236 2.
640 1167 693 1236 εἷθ’
718 1167 798 1236 οὗτοι
816 1211 857 1220 -
877 1173 920 1238 ret
943 1181 998 1247 τῆς
1023 1179 1078 1246 σῖης
1103 1169 1304 1244 ἀναισθησίας
1328 1173 1381 1234 καί
1405 1193 1498 1242 πονη-

307 1280 374 1362 ρίας
404 1278 483 1359 ἔργα
514 1278 565 1361 ἐφ’
588 1277 713 1350 ἑαυτοὺς
737 1277 964 1356 ἀναδίξωνταις
990 1276 1120 1362 Saepius
1144 1277 1228 1362 apud
1250 1274 1501 1342 Demosthenem

308 1385 511 1466 retexerentur
535 1388 568 1449 et
591 1382 788 1449 αίσθοίνεσθοι
813 1383 941 1450 confusa
964 1388 1056 1461 sunt,
1081 1386 1119 1447 ut
1142 1380 1205 1446 alio
1227 1381 1297 1446 loeo
1319 1381 1498 1447 ostendam.

308 1491 399 1558 Idem
427 1510 668 1575 nonnumquam
700 1489 822 1555 factum
857 1495 906 1555 est
941 1492 975 1555 in
1011 1488 1194 1554 nominibus
1224 1487 1432 1566 ἀναισχυντία
1467 1495 1501 1552 et

308 1597 503 1671 οίναισθησία.
550 1595 609 1660 list
638 1599 747 1660 tamen
780 1593 902 1681 aliquid
933 1597 1017 1660 inter
1047 1593 1259 1678 impudentium
1282 1599 1315 1658 et
1335 1601 1502 1683 stuporem,

310 1709 348 1768 ut
378 1702 470 1768 faeile
502 1722 541 1766 ex
571 1704 724 1785 cuiusque
754 1700 818 1766 loei
848 1704 1007 1766 sententia
1041 1703 1189 1786 appareat
1221 1701 1295 1762 ntra
1328 1699 1372 1761 sit
1404 1696 1502 1764 leotio

309 1810 422 1876 verior.
453 1807 565 1892 ltaque
587 1808 621 1872 h.
634 1807 657 1870 l.
682 1807 739 1873 ubi
762 1807 838 1872 libri
860 1809 985 1874 varient
1007 1809 1041 1871 in
1060 1803 1260 1880 ἀναισθησίας
1280 1807 1313 1867 et
1331 1804 1501 1886 οίνοιισχυν·

309 1914 380 1987 σίας
406 1918 553 1979 contexta
576 1915 677 1978 oratio
699 1911 793 1979 faeile
816 1913 1011 1979 demonstrat
1033 1913 1093 1978 hoe
1116 1913 1208 1976 unioe
1232 1929 1299 1976 esse
1321 1929 1446 1977 verum.

354 2123 435 2210 Peg.
467 2119 543 2186 613.
576 2119 609 2189 8.
645 2121 749 2203 σώζειν
781 2122 853 2199 ὑμῖν
883 2121 954 2192 τοὺς
981 2119 1131 2192 τοιούτους
1157 2121 1300 2200 ιιροσιίκει
1324 2120 1376 2185 καί
1399 2129 1502 2200 μισεῖν

309 2229 380 2301 τοὺς
414 2223 553 2308 οίΟΟνιερ
584 2225 680 2300 οὗτος.
726 2227 808 2294 Boni
839 2227 915 2292 libri
950 2225 1095 2306 οἵουσπερ.
1141 2225 1234 2292 Hane
1268 2247 1334 2292 esse
1368 2247 1503 2294 menum

311 2335 532 2401 Demosthenis
566 2338 598 2400 et
622 2354 701 2419 quae
725 2336 768 2398 sit
790 2333 887 2398 huius
911 2335 1109 2399 attractionis
1132 2355 1208 2398 usus
1231 2337 1262 2398 et
1284 2335 1366 2398 ratio
1388 2333 1503 2399 multis

311 2440 508 2508 ostendimus
529 2441 563 2504 in
593 2439 665 2506 Ver.
691 2439 786 2504 θοαί.
809 2459 884 2527 pag.
912 2438 989 2505 500.

354 2648 435 2736 Peg.
467 2646 544 2713 614.
578 2645 631 2714 18.
663 2647 738 2725 θμοῡ
769 2648 928 2725 μετοίκους
937 2697 945 2726 ,
978 2647 1156 2722 Ἀθηναίους
1192 2656 1319 2713 AGON
1354 2646 1499 2726 οίποίγαν.

309 2753 520 2821 floribendum
539 2773 576 2819 ex
596 2758 748 2840 perpetuo
768 2755 1013 2820 Atheniensium
1033 2775 1094 2820 usu
1116 2754 1172 2819 δῶν
1191 2775 1254 2820 non
1271 2754 1354 2820 δίων.
1387 2754 1500 2819 Dicam

311 2861 349 2926 de
375 2861 427 2925 his
448 2860 560 2925 formis
584 2858 646 2926 alio
670 2858 749 2925 loeo.

354 3067 436 3155 Peg.
469 3065 545 3133 614.
578 3063 634 3134 28.
667 3067 756 3132 οίλλοὶ
788 3068 821 3141 νίν
852 3069 916 3134 Δία
946 3075 1051 3134 ταῦτα
1081 3079 1176 3136 ΜΕΝ
1201 3069 1333 3142 τοιοῦτός
1358 3070 1439 3147 dete,
1458 3107 1500 3116 —

312 3172 401 3240 ἄλλα
430 3174 455 3238 θ’
487 3171 549 3238 ἔσθ’
582 3163 604 3238 oi
636 3179 739 3246 καλῶς
771 3170 921 3254 διῴκηκεν.
956 3176 1045 3241 οῖλλίι
1078 3171 1174 3242 τοίλλ·
1194 3175 1269 3243 οὕτω
1295 3175 1501 3256 προσελήλυθε

310 3278 418 3345 πάντα
440 3283 512 3360 τρίς
538 3281 620 3359 ὑμαῖς
639 3279 698 3349 ι’ίςε
719 3279 812 3357 farra
833 3283 900 3346 ἘΝ
922 3277 964 3354 οίς
984 3281 1141 3357 νίκηκθατε
1161 3282 1245 3360 setta
1266 3284 1311 3352 ίςι
1333 3283 1499 3360 μισεῖσθαι.

355 3385 485 3453 Habent
502 3388 716 3452 honoratores
737 3389 851 3465 Attioi,
872 3394 910 3452 ut
930 3388 1047 3474 siquid
1059 3395 1140 3455 esset
1153 3393 1245 3454 antea
1257 3409 1275 3454 a
1287 3408 1320 3454 se
1332 3394 1500 3468 (nonnum-

311 3513 408 3579 quam
427 3498 459 3558 et
473 3493 512 3558 ab
524 3491 608 3579 aliis)
622 3495 701 3558 aoite
713 3499 746 3557 et
757 3492 919 3580 eleganter
930 3493 1053 3560 dietum
1066 3500 1122 3559 aut
1134 3494 1270 3560 feliciter
1281 3497 1499 3575 enuntiatum,

311 3604 368 3665 aut
386 3598 549 3683 quodlibet
569 3597 694 3710 diopndi
714 3597 914 3680 κατόρθωμα,
941 3620 1003 3685 quo
1026 3601 1227 3665 audientium
1250 3601 1352 3664 animi
1370 3601 1501 3686 gravius

311 3709 586 3772 commoverentur
609 3708 641 3769 et
665 3703 923 3789 impellerentur,
947 3706 1093 3772 lubenter
1115 3706 1214 3772 semel
1236 3711 1268 3771 et
1286 3708 1406 3770 iterum
1425 3705 1502 3770 alias

311 3817 406 3897 atque
429 3811 507 3876 alias
528 3813 687 3876 iterarent.
734 3811 805 3876 Non
832 3811 962 3897 illepide
985 3812 1068 3878 dixit
1091 3811 1242 3878 Iaoomtea
1268 3832 1340 3898 pag.
1369 3811 1444 3876 101.
1471 3830 1499 3876 ιι.

310 3915 407 3995 μωρὸς
432 3916 471 3982 eia
495 3913 529 3991 ἦν
547 3953 589 3963 -
607 3916 632 3980 εί
664 3913 733 3988 τοὺς
765 3913 881 3989 σίλλους
914 3917 983 3995 troo
1014 3926 1077 3990 τοῖς
1106 3919 1191 3995 ἐμοῖς
1213 3918 1387 3998 χρωμένους
1408 3916 1501 3989 αὐτὸς

311 4028 468 4088 MONOC
490 4021 667 4103 ιἰτειχθμην
687 4027 746 4087 τῶν
767 4023 819 4086 ὑπ’
840 4024 914 4101 ἐμοῦ
927 4022 1066 4104 πρότερον
1078 4024 1249 4104 εἰρημένων.
1274 4022 1502 4088 Demosthenes

312 4148 435 4214 quoque
456 4130 580 4213 saepius
599 4148 652 4205 ea,
674 4148 753 4213 qnae
771 4127 921 4214 plausum
944 4129 1112 4215 aliqnando
1131 4129 1280 4195 tulissent
1296 4133 1328 4194 et
1343 4126 1502 4193 iudicibus

311 4240 344 4299 et
367 4254 496 4299 coronae
517 4233 761 4300 admirationem
785 4239 976 4312 movissent,
1002 4241 1143 4320 repetere
1166 4235 1247 4301 solet
1270 4233 1386 4300 iisdem
1410 4234 1502 4319 plane

311 4339 416 4407 verbis
445 4343 502 4404 aut
531 4337 677 4404 nonnihil
707 4344 834 4405 tantum
870 4344 1015 4407 mutatis.
1063 4340 1154 4420 Quod
1188 4341 1260 4406 κατ’
1297 4340 1500 4420 ’λιδροτίοιος

310 4446 434 4512 dixerat
456 4465 530 4532 pag.
556 4443 636 4514 595.
661 4443 715 4510 lo.
739 4447 772 4512 οὔ
797 4447 860 4528 γὰρ
884 4447 914 4513 εί
935 4469 965 4512 τι
990 4447 1114 4513 σιίνιοτε
1137 4450 1181 4527 μη
1202 4447 1288 4513 κατα
1307 4449 1377 4520 τοὺς
1396 4446 1500 4527 νόμους
