3356 5084
732 331 798 405 507

173 529 302 606 μνησθῶ.
372 525 532 594 (ireseum
573 529 621 590 est
655 524 724 591 ἘΝ
759 533 934 610 συμφοραῖς
971 523 1069 618 εἶναι,
1096 528 1130 592 ia
1165 528 1253 594 ιιιοθιζι
1287 551 1359 598 esee.

216 736 297 825 Peg.
322 733 398 801 593.
423 733 477 802 25.
502 733 536 812 ήν
561 733 593 800 δέ
617 737 682 801 ποθ’
701 739 825 816 ήγεμὼν
843 745 899 814 τῆς
919 743 1023 820 Φυλῆς
1044 739 1246 826 [κορυφαῖος].
1282 739 1363 806 Em-

172 843 278 911 blems
301 844 456 929 expunxit
478 840 651 909 Dobrasus.

215 1052 296 1141 Peg.
329 1049 406 1117 536.
439 1051 471 1118 3.
502 1057 617 1133 πρῶτον
646 1055 703 1134 μὲν
733 1055 981 1139 ἀφαιρεθήσομαι
1011 1056 1067 1131 τήν
1098 1057 1182 1133 νθκνν
1200 1095 1243 1108 -
1260 1055 1359 1125 ἔπειτ’

172 1159 224 1241 ἐφ’
256 1155 376 1224 ἅπασιν
411 1157 666 1238 ἐλαττωθήσομαι
701 1160 753 1226 καὶ
790 1161 1091 1246 προπηλακιζόμενος
1121 1165 1360 1232 διατελέσω.

171 1264 302 1331 Maeuia
324 1269 372 1330 est
393 1266 428 1330 in
450 1264 674 1333 Demosthenis
694 1271 835 1334 oratione
857 1269 960 1336 forma
982 1272 1166 1356 sequiorum
1189 1268 1361 1339 Graeculo

171 1393 244 1436 rum
267 1370 437 1438 διατελέσω
460 1371 517 1458 pro
540 1369 683 1437 διατελῶ.
728 1372 793 1440 Diu
815 1380 887 1461 post
908 1375 1082 1443 Alexandri
1099 1381 1238 1444 moriem
1259 1377 1361 1442 futuri

171 1479 292 1545 formae
322 1485 509 1554 συντελέσω,
542 1477 725 1557 διαπελέσω,
757 1480 895 1561 καλέσω,
929 1482 1091 1562 έμκαλέσω
1120 1488 1151 1548 et
1174 1485 1247 1548 sim.
1267 1487 1362 1549 natae

172 1589 256 1650 sunt.
306 1583 496 1671 Saepissime
526 1585 672 1651 futurum
702 1593 788 1652 καλῶ
823 1593 856 1653 et
885 1591 957 1654 sim.
990 1589 1140 1655 illaesum
1169 1584 1289 1667 evaiit,
1323 1592 1362 1653 nt

171 1711 245 1779 pag.
277 1687 352 1756 749.
378 1690 433 1757 22.
458 1692 645 1778 τεθαύμακα
668 1692 723 1766 τήν
746 1693 973 1775 οθναισχυντέαν
995 1697 1051 1770 τήν
1072 1693 1178 1760 τοθτσν
1202 1716 1237 1758 τε
1259 1693 1364 1758 urinal-

172 1821 235 1883 νου,
254 1802 310 1864 τοῦ
330 1799 387 1875 μὲν
405 1798 431 1862 el
456 1805 593 1874 καλεῖ,
618 1802 671 1863 τοῦ
691 1798 718 1863 δ’
742 1801 767 1866 sl
792 1799 959 1880 arriperet
984 1800 1036 1866 καὶ
1058 1799 1361 1878 συναπολογήσεται.

170 1903 296 1991 Nempe
328 1924 392 1971 non
424 1902 649 1992 intelligebant
683 1901 833 1972 Graeculi
866 1912 899 1972 et
932 1915 1028 1973 καλεῖ
1057 1912 1090 1973 et
1119 1905 1242 1987 ποθρεισι
1275 1905 1361 1970 iutu-

171 2031 245 2076 rum
268 2031 346 2078 esse.
1011 2037 1014 2043 ’

215 2118 306 2184 Idem
329 2116 451 2183 laetum
474 2138 541 2184 esso
564 2117 689 2185 videbis
711 2138 785 2207 pag.
811 2116 865 2184 59.
891 2117 919 2183 l.
945 2115 1037 2184 δεινθν
1059 2116 1089 2184 al
1109 2141 1156 2190 τις
1191 2117 1360 2195 έγκαλεῖ.

172 2228 204 2291 et
225 2245 300 2312 pag.
328 2221 403 2289 458.
430 2223 486 2290 25.
507 2223 640 2296 πολλοὺς
659 2217 693 2288 εὖ
711 2233 806 2290 ποιεῖν
830 2224 1093 2304 προκαλεῖσθ’
1119 2225 1211 2302 ὑμᾶς.
1232 2227 1265 2288 et
1286 2241 1361 2309 pag.

173 2330 249 2398 465.
282 2331 314 2398 2.
347 2331 361 2396 θ
393 2329 499 2397 πολλοὶ
531 2329 714 2409 κεκτημένος
735 2367 776 2378 -
796 2331 901 2396 πολλὰ
934 2331 976 2405 εθς
1008 2335 1113 2396 ταῦτα
1144 2331 1360 2404 συντελεῖ,

171 2459 248 2525 quas
275 2438 393 2504 formas
414 2438 588 2523 praesentis
611 2438 764 2522 temporie
788 2457 855 2502 esse
878 2438 942 2501 reti
963 2438 1099 2502 intectas
1120 2440 1337 2503 servaverunt.

214 2647 295 2736 Pag.
327 2645 403 2713 538.
429 2645 482 2714 12.
505 2647 557 2714 τὸν
579 2647 636 2726 μέν
659 2655 777 2728 κακιεῖν
798 2641 841 2720 οῖς
865 2643 1001 2729 ἔπραξε,
1025 2647 1077 2714 τὸν
1100 2646 1126 2712 δ’
1148 2645 1361 2713 ἐπαινέσεσθαι

169 2757 313 2836 έμελλιν.
359 2752 485 2820 Vitium
517 2757 565 2820 est
593 2757 629 2818 in
659 2747 712 2828 οἷς.
760 2753 797 2819 In
826 2753 989 2821 nonnullis
1020 2753 1113 2819 libris
1144 2759 1192 2820 est
1225 2752 1276 2835 ἐφ’
1300 2747 1360 2828 οἷς,

170 2883 250 2949 qnae
280 2860 451 2926 manifesto
481 2858 609 2926 lectoris
638 2858 774 2926 alienius
804 2867 852 2926 est
882 2863 1062 2928 coniectura
1091 2881 1154 2926 non
1185 2859 1361 2926 admodum

170 2967 248 3034 felix
279 2965 470 3053 impeditam
499 2965 561 3032 loci
591 2967 785 3052 scripturam,
816 2974 991 3053 utcumque
1022 2968 1195 3033 sancientis.
1242 2965 1362 3031 Lenius

169 3073 333 3164 egendum
362 3073 498 3140 arbitror
529 3076 562 3138 et
587 3074 824 3140 rescribendum
848 3081 966 3139 κακιεῖν
989 3067 1037 3138 οῖ’
1062 3070 1206 3154 ἔπραξεν.
1254 3069 1361 3137 Faeile

171 3181 336 3248 errabatur
357 3181 393 3244 in
418 3185 671 3247 ΟΙΕΠΡΑΞΕΝ.

215 3391 297 3481 Peg.
330 3388 405 3456 539.
439 3389 492 3456 ll.
524 3388 696 3468 ἀμύνεσθαι
728 3389 813 3468 μετὰ
842 3396 897 3466 τής
921 3392 1022 3471 darit-
1069 3386 1361 3474 Obtemperaudum

171 3498 314 3568 Dobraeo
338 3503 387 3564 est
407 3497 479 3576 μετ’
504 3496 595 3578 teris
620 3497 798 3583 reponenti.

217 3710 298 3798 Peg.
330 3705 404 3774 539.
438 3705 493 3774 22.
521 3705 611 3782 ήνθιια
634 3705 694 3781 τοὶς
717 3704 805 3780 δέκας
831 3703 950 3786 ἔλαχον
973 3712 1036 3777 τοῖς
1061 3702 1232 3782 ἐπιτρόποις
1256 3725 1364 3784 μειρα-

172 3815 297 3882 κύλλιον
315 3815 353 3881 θον
373 3812 480 3898 κομιδή
501 3813 555 3879 καὶ
576 3817 681 3880 τοῦτον
703 3812 762 3878 οὐδ’
784 3812 809 3877 ei
827 3811 956 3890 μέμονεν
968 3811 1049 3880 stitit
1065 3809 1142 3898 [οὐδέ
1154 3806 1364 3894 γιγνώσκων],

172 3925 211 3996 οῖς
242 3921 320 4001 μηδὲ
352 3925 402 3987 νῦν
430 3921 559 4004 ὤφελον.
611 3919 689 4001 Quis
712 3919 769 3986 ubi
794 3918 833 3984 de
855 3916 985 3984 homine
1006 3917 1208 4004 ignotissimo
1233 3916 1365 3980 dixisset

171 4051 256 4116 ρνειιι
286 4051 324 4093 ιιι
352 4035 453 4093 ιιυθνιοι
484 4028 601 4113 quidem
630 4027 774 4110 reiciam,
805 4024 980 4093 addidisset
1008 4042 1163 4116 umquam
1187 4044 1279 4108 neque
1299 4044 1364 4086 ευιοι

172 4134 397 4219 cognoscebam?
441 4134 556 4199 Risum
588 4153 625 4199 ea
646 4153 696 4198 res
717 4137 837 4202 movet.
885 4127 963 4196 Οὐδ’
988 4131 1012 4194 ei
1037 4127 1166 4216 γέγονεν
1190 4125 1258 4194 οῖδα
1280 4133 1365 4194 reete

171 4241 294 4332 legitur
323 4261 399 4329 pag.
433 4239 511 4306 248.
542 4239 572 4306 6.
606 4245 639 4306 et
670 4239 755 4326 apud
778 4235 925 4305 Oomieos
947 4255 1196 4321 nonnumquam.
1222 4235 1261 4302 ei.
1286 4235 1363 4301 Νοο.

173 4349 268 4415 lectt.
291 4369 363 4436 pag.
391 4345 465 4414 107.

218 4455 326 4522 Possit
353 4453 506 4544 vulgatae
534 4451 690 4522 librorum
720 4451 851 4519 lectioni
880 4446 1076 4537 praesidinm
1104 4445 1233 4534 aliquod
1256 4451 1365 4535 quaeri
