3296 5104
704 326 789 428 ,aa

150 523 221 588 οὐδὲ
254 522 317 601 γὰρ
350 523 381 586 έν
411 531 482 596 ταῖς
517 521 609 594 ἰδέαις
644 519 753 592 οῖιιῖαις
789 521 842 600 ύμῖν
877 527 936 588 τῶν
968 524 998 589 έν
1033 523 1138 610 sitente
1173 525 1250 607 πούς.
1280 522 1350 600 τοὺς

150 637 486 694 ΠΡΕΕΒΤΤΕΡΟΤΕ
506 625 583 693 ούτω
599 627 787 703 διακείμενον
798 625 861 692 οὐδ’
875 625 968 700 ούτοις
980 628 1146 708 οῖγνύμονα
1159 630 1221 696 τύδ’
1235 629 1350 697 ἄτοπον

151 743 213 798 τῶν
238 733 329 798 ὄντων
353 733 460 798 ούδένοι
483 731 541 803 dire
564 735 591 798 εῖ
615 735 659 810 μέν
684 735 856 808 ποιήσουσιν
878 731 1018 808 ἅπαντες
1041 731 1106 800 ύσον
1127 735 1233 821 (sioss)
1254 737 1348 808 αύτύς

152 840 187 904 ού
213 839 350 922 Φύσκειν
381 841 514 916 πονήσειν
547 839 629 905 οὐδέν
660 839 720 905 οὐδ’
745 838 851 904 αύτύν.
897 839 945 905 Hi
962 843 1026 927 ipsi
1048 845 1139 919 sunt,
1164 861 1242 927 quos
1265 863 1349 909 eom·

150 967 271 1012 munes
299 948 443 1012 civitatis
473 951 619 1032 parentes
650 946 734 1011 dixit
765 947 943 1012 existimari
974 951 1131 1033 oportere:
1164 945 1276 1020 κοινούς
1302 946 1351 1011 δεῖ

151 1051 267 1130 γονέας
292 1052 362 1124 τοὺς
388 1061 716 1118 ΠΡΕΟΒΤΤΕΡΟΤΕ
747 1051 937 1129 σύμπαντος
962 1053 1103 1131 ύγεῖσύαι
1128 1051 1181 1118 καὶ
1205 1055 1348 1134 προσύιιει

151 1157 323 1228 τούτους
356 1158 416 1238 ούχ
448 1153 527 1230 ὅπως
559 1155 597 1222 ύν
628 1161 645 1234 ἦ
670 1157 759 1232 πόλις
791 1157 907 1224 διδυσιν
938 1155 1112 1241 ύφελέσύαι
1135 1181 1184 1236 τι,
1217 1158 1293 1222 ἄλλ’
1322 1159 1349 1224 εἰ

153 1265 209 1330 αα)
231 1263 328 1341 μηδὲν
348 1260 381 1338 ἦν
405 1263 518 1330 τούτων
550 1262 680 1330 ἄλλοθεν
710 1271 835 1330 σκοπεῖν
865 1259 944 1336 tres
975 1262 1102 1342 μηδενὸς
1132 1263 1215 1336 ὄντες
1239 1262 1349 1336 ἐνδεεῖς

153 1370 423 1452 περιοφύιὶοονται.
470 1368 524 1435 Sic
552 1369 639 1436 clara
659 1368 732 1436 luce
755 1369 920 1456 splendent
942 1372 1066 1436 omnia:
1098 1372 1123 1435 οῖ
1148 1367 1347 1450 πρεσβύτεροι

155 1476 211 1540 καὶ
237 1477 262 1540 οῖ
286 1474 574 1554 discurrissem&
598 1476 719 1554 σύματι
747 1475 853 1555 μισύῖν
877 1477 911 1540 έιι
934 1483 987 1544 τοῦ
1011 1475 1154 1554 δημοσίου
1179 1474 1283 1557 ἔφερον
1306 1476 1348 1540 τύ

153 1581 203 1646 δύ’
228 1582 339 1659 ῖβοοιύ.
375 1581 439 1662 Qui
462 1585 530 1648 erat
554 1583 758 1669 sexagenario
781 1585 884 1648 maior
906 1573 945 1648 en
964 1583 1083 1648 aerario
1103 1582 1181 1647 dnos
1200 1601 1349 1647 nummos

153 1688 334 1773 accipiebat
355 1690 391 1752 in
414 1687 518 1771 diem,
541 1690 722 1772 promiscue
745 1707 854 1754 omnes
873 1689 990 1754 divites
1006 1707 1230 1773 pauperesque.
1261 1685 1348 1752 Hinc

156 1792 242 1856 dixit
263 1813 337 1880 pag.
362 1791 507 1858 141.15.
531 1794 717 1872 τετρακόσιοι
739 1793 885 1860 τύλαντα
908 1791 1113 1873 προσέρχεται
1130 1793 1246 1864 ούδενὸς
1266 1793 1348 1858 οὐδέν

153 1897 357 1978 ζημιουμένου
380 1905 439 1964 τοῖν
462 1899 520 1971 σύος
545 1901 650 1970 οὐσίας
674 1899 806 1981 έχύντων
831 1900 919 1964 ἀλλὰ
942 1900 995 1964 καὶ
1019 1897 1344 1980 προσλαμβανύντυν·

152 2007 178 2071 οῖ
202 2005 267 2083 γὰρ
297 2013 482 2070 ΕΤΠΟΡΟΙ
513 2003 629 2078 πάντες
663 2004 804 2087 ἔρχονται
834 2003 1010 2083 μεθέξοντες
1034 2006 1141 2070 τούτου
1166 2005 1218 2068 ιιαῖ
1244 2010 1345 2077 καλῶς

152 2114 299 2176 ποιοῦσιν.
346 2111 457 2176 Fuisse
488 2117 591 2178 aetate
620 2112 804 2200 grandiores
827 2113 883 2198 qni
906 2112 988 2178 οὐδέν
1011 2115 1164 2179 ποιοῦντες
1189 2110 1346 2174 aerarium

154 2217 361 2282 exhaurirent
402 2219 501 2282 etiam
542 2217 626 2304 apud
666 2239 780 2284 verum
825 2217 1072 2284 Demosthenem
1108 2218 1237 2301 apparet
1270 2233 1344 2301 pag.

156 2319 211 2388 38.
238 2322 292 2388 10.
322 2321 367 2391 ἔτι
394 2346 442 2394 τις
461 2325 565 2390 ἘΞΩ
590 2333 676 2388 THC
696 2331 881 2390 'HrthIAc
905 2326 1002 2402 ύμῖιν;
1033 2319 1092 2388 ύσα
1124 2317 1209 2391 ούτος
1240 2316 1343 2383 ύτύκ-

151 2451 211 2500 τιος
245 2434 297 2493 νῦν
329 2427 503 2506 λαμβοένων
533 2431 587 2495 ούιι
618 2433 736 2512 ὠφελεῖ
764 2432 855 2495 ταῦτ’
889 2430 920 2494 έν
951 2429 1000 2511 inp
1022 2427 1112 2505 τύξει
1137 2423 1341 2506 λαμβανέτω.

154 2532 294 2601 Omnino
305 2535 435 2601 videtur
456 2555 571 2601 nomen
593 2535 629 2599 τὸ
653 2537 805 2616 ύευριιιύν,
830 2537 872 2601 τοὶ
896 2533 1031 2620 ύευρικύ,
1053 2533 1169 2600 multis
1186 2531 1344 2598 erroribus

151 2661 261 2708 ansam
287 2641 428 2707 dedisse:
453 2640 522 2707 fieri
540 2646 644 2727 potest
662 2647 700 2707 ut
719 2645 896 2728 antiquitus
916 2642 1040 2708 duobus
1055 2639 1155 2706 obolis
1174 2659 1212 2704 ex
1224 2637 1343 2702 aerario

152 2749 290 2832 acceptis
321 2747 430 2812 sedem
462 2748 524 2814 sibi
546 2749 581 2812 in
604 2747 727 2814 theatro
757 2750 908 2826 emerint,
940 2748 995 2813 sed
1025 2752 1134 2832 postea
1156 2766 1193 2811 eo
1215 2743 1343 2808 nomine

151 2851 313 2938 quaelibet
344 2852 489 2931 διανομαί
520 2853 673 2939 appellari
703 2861 848 2940 coeptas,
878 2856 914 2918 in
944 2873 1079 2938 quarum
1109 2869 1243 2916 numero
1265 2848 1343 2914 haec

151 2979 275 3045 quoque
305 2959 370 3024 fnit
399 2964 437 3024 ut
467 2959 644 3024 senioribus
671 2955 731 3047 (οὓς
757 2960 867 3031 κοινοὺς
891 2960 939 3024 δεῖ
959 2957 1069 3038 γονέας
1094 2955 1261 3034 τυμπύσνς
1285 2959 1340 3028 τῆς

150 3063 269 3137 πύοιειις
294 3065 450 3146 ἡγεῖσθαι)
476 3063 538 3130 duo
561 3067 689 3130 nummi
712 3067 746 3130 in
771 3067 857 3132 diem
877 3087 916 3131 ex
936 3068 1055 3131 aerario
1075 3064 1337 3130 attribuerentur:

151 3191 248 3256 quam
266 3169 473 3258 largitionem
492 3191 593 3256 quum
604 3171 750 3237 nonnulli
774 3175 888 3237 acriter
911 3170 1175 3257 reprehenderent
1195 3185 1341 3254 persona-

150 3281 203 3341 tus
225 3275 457 3341 Demosthenes
479 3275 560 3342 hanc
584 3278 647 3343 sibi
670 3297 799 3343 causam
820 3277 1049 3344 defendendam
1072 3276 1222 3360 suscepit.

194 3381 427 3448 Demosthenes
455 3383 524 3468 ipse
554 3405 682 3450 summa
710 3405 769 3470 ope
792 3385 898 3449 enisus
920 3387 968 3448 est
991 3387 1029 3447 ut
1050 3381 1220 3447 malesanis
1243 3377 1341 3464 largi-

151 3487 292 3554 tionibus
322 3485 395 3552 finis
422 3493 477 3553 aut
503 3490 619 3556 modus
647 3492 873 3576 imponeretur.
898 3487 958 3554 ub'r
975 3489 1086 3554 scribit
1107 3507 1178 3572 pag.
1204 3483 1258 3550 31.
1282 3481 1336 3549 24.

150 3593 233 3660 λύειν
255 3596 328 3666 τοὺς
353 3592 459 3671 νόμους
483 3593 531 3659 δεῖ
557 3594 681 3670 τούτους
701 3597 771 3668 τούς
796 3593 907 3666 αύτούς
932 3592 1036 3671 οῖξιούν
1058 3591 1140 3672 οἵπερ
1165 3591 1217 3655 καῖ
1240 3589 1337 3655 rste!-

151 3723 240 3776 κασιν
278 3699 317 3765 de
353 3699 480 3766 Eobnlo
517 3700 612 3780 dicit,
649 3723 746 3786 quem
787 3702 868 3788 legis
899 3705 1061 3766 auctorem
1101 3699 1198 3765 fuisso
1235 3700 1341 3764 sciunt

152 3825 269 3874 omnes.
1247 3793 1249 3797 ’

194 3911 232 3978 In
253 3911 324 3978 loco
347 3911 588 3991 Demosthenis,
613 3933 675 4000 quo
699 3912 738 3980 de
763 3915 907 4002 murus,
932 3911 1003 3978 leve
1025 3911 1178 3977 mendum
1200 3915 1341 3995 superest

150 4019 184 4083 in
206 4020 313 4086 verbis
345 4017 408 4090 ένύς
437 4020 523 4097 ἡμῶν
550 4017 661 4088 exarc
695 4027 767 4085 TlC
798 4021 844 4088 έςι
876 4019 994 4098 γονεύς.
1041 4015 1200 4084 Graecum
1225 4021 1272 4080 est
1295 4014 1341 4083 έςι

151 4145 196 4196 τις
218 4123 346 4203 γονεύς,
381 4143 443 4189 non
477 4131 587 4190 tamen
610 4128 656 4190 sic
678 4123 869 4213 legendum,
893 4125 947 4191 sed
973 4133 1038 4189 etc
1062 4119 1130 4210 (εἷς)
1157 4123 1200 4191 έει
1226 4119 1343 4200 γονεύς.

150 4229 310 4317 Frequens
333 4230 413 4295 haee
437 4231 579 4298 confusio
600 4236 658 4297 est.
684 4229 733 4298 of.
756 4233 835 4297 Νου.
864 4231 952 4297 lectt
976 4251 1049 4320 pag.
1072 4227 1148 4295 484.
