<?xml version="1.0" encoding="UTF-8"?>
<!DOCTYPE html PUBLIC "-//W3C//DTD XHTML 1.0 Transitional//EN"
    "http://www.w3.org/TR/xhtml1/DTD/xhtml1-transitional.dtd">
<html xmlns="http://www.w3.org/1999/xhtml" xml:lang="en" lang="en">
 <head>
  <title>
</title>
<meta http-equiv="Content-Type" content="text/html;charset=utf-8" />
  <meta name='ocr-system' content='tesseract 3.04.00' />
  <meta name='ocr-capabilities' content='ocr_page ocr_carea ocr_par ocr_line ocrx_word'/>
</head>
<body>
  <div class='ocr_page' id='page_1' title='image "./miscellaneacrit00cobegoog/miscellaneacrit00cobegoog_0535.png"; bbox 0 0 3406 5084; ppageno 0'>
   <div class='ocr_carea' id='block_1_1' title="bbox 898 355 965 428">
    <p class='ocr_par' dir='ltr' id='par_1_1' title="bbox 898 355 965 428">
     <span class='ocr_line' id='line_1_1' title="bbox 898 355 965 428; baseline -0.015 0"><span class='ocrx_word' id='word_1_1' title='bbox 898 355 965 428; x_wconf 74' lang='lat'>614</span> 
     </span>
    </p>
   </div>
   <div class='ocr_carea' id='block_1_2' title="bbox 518 527 1308 631">
    <p class='ocr_par' dir='ltr' id='par_1_2' title="bbox 518 527 1308 631">
     <span class='ocr_line' id='line_1_2' title="bbox 518 527 1308 631; baseline -0.009 -14"><span class='ocrx_word' id='word_1_2' title='bbox 518 550 595 617; x_wconf 81' lang='grc' dir='ltr'><strong><em>οὕτω</em></strong></span> <span class='ocrx_word' id='word_1_3' title='bbox 615 527 682 631; x_wconf 54' lang='grc' dir='ltr'>’γάρ</span> <span class='ocrx_word' id='word_1_4' title='bbox 706 553 779 628; x_wconf 70' lang='grc' dir='ltr'><strong><em>ἡμῖν</em></strong></span> <span class='ocrx_word' id='word_1_5' title='bbox 804 553 821 626; x_wconf 75' lang='grc' dir='ltr'><strong><em>ἡ</em></strong></span> <span class='ocrx_word' id='word_1_6' title='bbox 845 549 935 622; x_wconf 81' lang='grc' dir='ltr'><strong><em>τάλις</em></strong></span> <span class='ocrx_word' id='word_1_7' title='bbox 958 549 1082 628; x_wconf 77' lang='grc' dir='ltr'><strong><em>μάλιςα</em></strong></span> <span class='ocrx_word' id='word_1_8' title='bbox 1107 552 1166 620; x_wconf 83' lang='grc' dir='ltr'>σῶς</span> <span class='ocrx_word' id='word_1_9' title='bbox 1190 545 1229 612; x_wconf 87' lang='grc' dir='ltr'>ἀν</span> <span class='ocrx_word' id='word_1_10' title='bbox 1252 543 1308 620; x_wconf 75' lang='lat' dir='ltr'>cin.</span> 
     </span>
    </p>
   </div>
   <div class='ocr_carea' id='block_1_3' title="bbox 336 665 1529 1480">
    <p class='ocr_par' dir='ltr' id='par_1_3' title="bbox 336 665 1312 845">
     <span class='ocr_line' id='line_1_3' title="bbox 336 665 385 726; baseline -0.041 0"><span class='ocrx_word' id='word_1_11' title='bbox 336 665 385 726; x_wconf 88' lang='lat' dir='ltr'>et:</span> 
     </span>
     <span class='ocr_line' id='line_1_4' title="bbox 520 755 1312 845; baseline -0.008 -18"><span class='ocrx_word' id='word_1_12' title='bbox 520 767 537 839; x_wconf 73' lang='grc' dir='ltr'><strong><em>ἡ</em></strong></span> <span class='ocrx_word' id='word_1_13' title='bbox 560 761 651 845; x_wconf 87' lang='grc' dir='ltr'>μάζα</span> <span class='ocrx_word' id='word_1_14' title='bbox 675 761 738 842; x_wconf 77' lang='grc' dir='ltr'>γάρ</span> <span class='ocrx_word' id='word_1_15' title='bbox 762 769 819 836; x_wconf 89' lang='grc' dir='ltr'>σῶς</span> <span class='ocrx_word' id='word_1_16' title='bbox 843 759 895 827; x_wconf 79' lang='grc' dir='ltr'>καὶ</span> <span class='ocrx_word' id='word_1_17' title='bbox 921 762 956 827; x_wconf 73' lang='lat' dir='ltr'>ri</span> <span class='ocrx_word' id='word_1_18' title='bbox 979 759 1069 840; x_wconf 78' lang='grc' dir='ltr'><strong><em>κρέας</em></strong></span> <span class='ocrx_word' id='word_1_19' title='bbox 1092 761 1140 839; x_wconf 82' lang='grc' dir='ltr'>χῶ</span> <span class='ocrx_word' id='word_1_20' title='bbox 1164 755 1312 838; x_wconf 85' lang='grc' dir='ltr'><strong><em>κάραβος.</em></strong></span> 
     </span>
    </p>

    <p class='ocr_par' dir='ltr' id='par_1_4' title="bbox 336 863 1529 1480">
     <span class='ocr_line' id='line_1_5' title="bbox 383 863 1529 946; baseline -0.005 -12"><span class='ocrx_word' id='word_1_21' title='bbox 383 868 526 935; x_wconf 77' lang='lat' dir='ltr'>Turbant</span> <span class='ocrx_word' id='word_1_22' title='bbox 555 871 591 932; x_wconf 90' lang='lat' dir='ltr'>in</span> <span class='ocrx_word' id='word_1_23' title='bbox 621 869 672 933; x_wconf 90' lang='lat' dir='ltr'>his</span> <span class='ocrx_word' id='word_1_24' title='bbox 700 866 838 946; x_wconf 76' lang='lat' dir='ltr'>librarii,</span> <span class='ocrx_word' id='word_1_25' title='bbox 865 869 919 934; x_wconf 86' lang='lat' dir='ltr'>sed</span> <span class='ocrx_word' id='word_1_26' title='bbox 941 866 1031 932; x_wconf 89' lang='lat' dir='ltr'>nulla</span> <span class='ocrx_word' id='word_1_27' title='bbox 1053 867 1092 932; x_wconf 87' lang='lat' dir='ltr'>de</span> <span class='ocrx_word' id='word_1_28' title='bbox 1115 870 1262 932; x_wconf 79' lang='lat' dir='ltr'>veterum</span> <span class='ocrx_word' id='word_1_29' title='bbox 1284 885 1344 930; x_wconf 90' lang='lat' dir='ltr'>usu</span> <span class='ocrx_word' id='word_1_30' title='bbox 1369 863 1529 929; x_wconf 73' lang='lat' dir='ltr'><strong>dubitatio</strong></span> 
     </span>
     <span class='ocr_line' id='line_1_6' title="bbox 336 971 1529 1058; baseline -0.006 -19"><span class='ocrx_word' id='word_1_31' title='bbox 336 979 393 1039; x_wconf 89' lang='lat' dir='ltr'>est.</span> <span class='ocrx_word' id='word_1_32' title='bbox 440 973 477 1038; x_wconf 85' lang='lat' dir='ltr'>In</span> <span class='ocrx_word' id='word_1_33' title='bbox 506 971 668 1039; x_wconf 81' lang='lat' dir='ltr'>nonnullis</span> <span class='ocrx_word' id='word_1_34' title='bbox 697 972 789 1038; x_wconf 88' lang='lat' dir='ltr'>libris</span> <span class='ocrx_word' id='word_1_35' title='bbox 819 979 852 1038; x_wconf 90' lang='lat' dir='ltr'>et</span> <span class='ocrx_word' id='word_1_36' title='bbox 882 977 916 1038; x_wconf 94' lang='lat' dir='ltr'>in</span> <span class='ocrx_word' id='word_1_37' title='bbox 947 971 970 1037; x_wconf 84' lang='lat' dir='ltr'>S</span> <span class='ocrx_word' id='word_1_38' title='bbox 1001 993 1021 1037; x_wconf 84' lang='lat' dir='ltr'>a</span> <span class='ocrx_word' id='word_1_39' title='bbox 1050 974 1156 1058; x_wconf 86' lang='lat' dir='ltr'>prima</span> <span class='ocrx_word' id='word_1_40' title='bbox 1177 991 1275 1036; x_wconf 89' lang='lat' dir='ltr'>mauu</span> <span class='ocrx_word' id='word_1_41' title='bbox 1298 971 1529 1055; x_wconf 84' lang='lat' dir='ltr'>scriptumest</span> 
     </span>
     <span class='ocr_line' id='line_1_7' title="bbox 336 1073 1527 1167; baseline -0.006 -24"><span class='ocrx_word' id='word_1_42' title='bbox 336 1085 412 1156; x_wconf 84' lang='grc' dir='ltr'><strong><em>σῶν,</em></strong></span> <span class='ocrx_word' id='word_1_43' title='bbox 445 1080 529 1164; x_wconf 86' lang='lat' dir='ltr'>quod</span> <span class='ocrx_word' id='word_1_44' title='bbox 561 1079 787 1163; x_wconf 86' lang='lat' dir='ltr'>reponendum.</span> <span class='ocrx_word' id='word_1_45' title='bbox 835 1080 914 1167; x_wconf 86' lang='lat' dir='ltr'>Pag.</span> <span class='ocrx_word' id='word_1_46' title='bbox 941 1077 1045 1160; x_wconf 73' lang='grc'><strong><em>1293.</em></strong></span> <span class='ocrx_word' id='word_1_47' title='bbox 1077 1077 1131 1142; x_wconf 83' lang='grc'><strong><em>26.</em></strong></span> <span class='ocrx_word' id='word_1_48' title='bbox 1158 1078 1175 1151; x_wconf 74' lang='grc' dir='ltr'><strong><em>ἦ</em></strong></span> <span class='ocrx_word' id='word_1_49' title='bbox 1198 1081 1273 1149; x_wconf 81' lang='grc' dir='ltr'><strong><em>ναῦς</em></strong></span> <span class='ocrx_word' id='word_1_50' title='bbox 1296 1076 1450 1140; x_wconf 76' lang='grc' dir='ltr'><strong><em>σέσωσται</em></strong></span> <span class='ocrx_word' id='word_1_51' title='bbox 1474 1073 1527 1138; x_wconf 77' lang='grc' dir='ltr'>καί</span> 
     </span>
     <span class='ocr_line' id='line_1_8' title="bbox 337 1177 1528 1271; baseline -0.006 -21"><span class='ocrx_word' id='word_1_52' title='bbox 337 1183 382 1252; x_wconf 83' lang='grc' dir='ltr'><strong><em>ἔτι</em></strong></span> <span class='ocrx_word' id='word_1_53' title='bbox 415 1189 484 1257; x_wconf 88' lang='grc' dir='ltr'><strong><em>σῶς.</em></strong></span> <span class='ocrx_word' id='word_1_54' title='bbox 512 1182 686 1271; x_wconf 86' lang='lat' dir='ltr'>legendum</span> <span class='ocrx_word' id='word_1_55' title='bbox 710 1185 726 1258; x_wconf 76' lang='grc' dir='ltr'><strong><em>ἡ</em></strong></span> <span class='ocrx_word' id='word_1_56' title='bbox 750 1190 824 1256; x_wconf 80' lang='grc' dir='ltr'><strong><em>ναῦς</em></strong></span> <span class='ocrx_word' id='word_1_57' title='bbox 850 1191 908 1258; x_wconf 89' lang='grc' dir='ltr'>σῶς</span> <span class='ocrx_word' id='word_1_58' title='bbox 932 1185 1013 1258; x_wconf 66' lang='lat' dir='ltr'>icto,</span> <span class='ocrx_word' id='word_1_59' title='bbox 1037 1189 1075 1248; x_wconf 89' lang='lat' dir='ltr'>nt</span> <span class='ocrx_word' id='word_1_60' title='bbox 1097 1181 1205 1269; x_wconf 80' lang='lat' dir='ltr'><strong>paullo</strong></span> <span class='ocrx_word' id='word_1_61' title='bbox 1228 1187 1301 1247; x_wconf 88' lang='lat' dir='ltr'>ante</span> <span class='ocrx_word' id='word_1_62' title='bbox 1323 1202 1399 1269; x_wconf 84' lang='lat' dir='ltr'>pag.</span> <span class='ocrx_word' id='word_1_63' title='bbox 1427 1177 1528 1244; x_wconf 87' lang='grc'><strong><em>1292.</em></strong></span> 
     </span>
     <span class='ocr_line' id='line_1_9' title="bbox 338 1285 1528 1375; baseline -0.006 -21"><span class='ocrx_word' id='word_1_64' title='bbox 338 1289 442 1354; x_wconf 88' lang='lat' dir='ltr'>Utilia</span> <span class='ocrx_word' id='word_1_65' title='bbox 474 1289 512 1354; x_wconf 88' lang='lat' dir='ltr'>de</span> <span class='ocrx_word' id='word_1_66' title='bbox 542 1291 601 1354; x_wconf 88' lang='lat' dir='ltr'>hac</span> <span class='ocrx_word' id='word_1_67' title='bbox 630 1311 663 1354; x_wconf 90' lang='lat' dir='ltr'>re</span> <span class='ocrx_word' id='word_1_68' title='bbox 694 1293 819 1358; x_wconf 80' lang='lat' dir='ltr'>notarit</span> <span class='ocrx_word' id='word_1_69' title='bbox 845 1290 988 1356; x_wconf 85' lang='lat' dir='ltr'>Dindori.</span> <span class='ocrx_word' id='word_1_70' title='bbox 1013 1290 1053 1354; x_wconf 91' lang='lat' dir='ltr'>ad</span> <span class='ocrx_word' id='word_1_71' title='bbox 1075 1308 1150 1375; x_wconf 87' lang='lat' dir='ltr'>pag.</span> <span class='ocrx_word' id='word_1_72' title='bbox 1175 1286 1229 1351; x_wconf 92' lang='grc'>61.</span> <span class='ocrx_word' id='word_1_73' title='bbox 1255 1286 1298 1350; x_wconf 84' lang='grc'>14</span> <span class='ocrx_word' id='word_1_74' title='bbox 1321 1289 1355 1352; x_wconf 91' lang='lat' dir='ltr'>in</span> <span class='ocrx_word' id='word_1_75' title='bbox 1378 1285 1528 1351; x_wconf 78' lang='lat' dir='ltr'>Editions</span> 
     </span>
     <span class='ocr_line' id='line_1_10' title="bbox 338 1393 735 1480; baseline 0 -20"><span class='ocrx_word' id='word_1_76' title='bbox 338 1395 462 1460; x_wconf 88' lang='lat' dir='ltr'>minore</span> <span class='ocrx_word' id='word_1_77' title='bbox 484 1394 611 1480; x_wconf 81' lang='lat' dir='ltr'><strong>Lipsiae</strong></span> <span class='ocrx_word' id='word_1_78' title='bbox 638 1393 735 1460; x_wconf 80' lang='lat'><strong>1855.</strong></span> 
     </span>
    </p>
   </div>
   <div class='ocr_carea' id='block_1_4' title="bbox 338 1597 1531 2953">
    <p class='ocr_par' dir='ltr' id='par_1_5' title="bbox 338 1597 1531 2533">
     <span class='ocr_line' id='line_1_11' title="bbox 384 1597 1528 1688; baseline -0.002 -23"><span class='ocrx_word' id='word_1_79' title='bbox 384 1600 466 1688; x_wconf 87' lang='lat' dir='ltr'>Pag.</span> <span class='ocrx_word' id='word_1_80' title='bbox 498 1597 575 1666; x_wconf 83' lang='lat'>572.</span> <span class='ocrx_word' id='word_1_81' title='bbox 613 1599 665 1664; x_wconf 83' lang='grc'>14.</span> <span class='ocrx_word' id='word_1_82' title='bbox 700 1597 733 1677; x_wconf 80' lang='grc' dir='ltr'>ἦν</span> <span class='ocrx_word' id='word_1_83' title='bbox 756 1601 785 1665; x_wconf 77' lang='grc' dir='ltr'>δ’</span> <span class='ocrx_word' id='word_1_84' title='bbox 808 1599 890 1676; x_wconf 86' lang='grc' dir='ltr'><strong><em>οὗτος</em></strong></span> <span class='ocrx_word' id='word_1_85' title='bbox 916 1603 930 1666; x_wconf 79' lang='grc' dir='ltr'><em>ὃ</em></span> <span class='ocrx_word' id='word_1_86' title='bbox 952 1607 1006 1667; x_wconf 79' lang='grc' dir='ltr'>τοῦ</span> <span class='ocrx_word' id='word_1_87' title='bbox 1030 1601 1179 1680; x_wconf 80' lang='grc' dir='ltr'><strong><em>βελτίςου</em></strong></span> <span class='ocrx_word' id='word_1_88' title='bbox 1200 1600 1304 1682; x_wconf 65' lang='grc' dir='ltr'><strong><em>πατὴρ</em></strong></span> <span class='ocrx_word' id='word_1_89' title='bbox 1327 1599 1528 1679; x_wconf 70' lang='grc' dir='ltr'>Χαρικλείδου</span> 
     </span>
     <span class='ocr_line' id='line_1_12' title="bbox 340 1703 1527 1793; baseline 0.001 -24"><span class='ocrx_word' id='word_1_90' title='bbox 340 1710 394 1771; x_wconf 82' lang='grc' dir='ltr'>τοῦ</span> <span class='ocrx_word' id='word_1_91' title='bbox 418 1703 579 1785; x_wconf 82' lang='grc' dir='ltr'><strong><em>ἀρξαντος.</em></strong></span> <span class='ocrx_word' id='word_1_92' title='bbox 626 1707 750 1772; x_wconf 87' lang='lat' dir='ltr'>Notum</span> <span class='ocrx_word' id='word_1_93' title='bbox 773 1712 821 1773; x_wconf 86' lang='lat' dir='ltr'>est</span> <span class='ocrx_word' id='word_1_94' title='bbox 843 1711 878 1772; x_wconf 95' lang='lat' dir='ltr'>in</span> <span class='ocrx_word' id='word_1_95' title='bbox 899 1709 1033 1774; x_wconf 85' lang='lat' dir='ltr'>historia</span> <span class='ocrx_word' id='word_1_96' title='bbox 1054 1729 1170 1774; x_wconf 86' lang='lat' dir='ltr'>nomen</span> <span class='ocrx_word' id='word_1_97' title='bbox 1192 1709 1267 1793; x_wconf 85' lang='lat' dir='ltr'>quia</span> <span class='ocrx_word' id='word_1_98' title='bbox 1288 1706 1338 1770; x_wconf 77' lang='grc' dir='ltr'><strong><em>ε’τί</em></strong></span> <span class='ocrx_word' id='word_1_99' title='bbox 1363 1706 1527 1786; x_wconf 81' lang='grc' dir='ltr'><strong><em>Χαρικλεί-</em></strong></span> 
     </span>
     <span class='ocr_line' id='line_1_13' title="bbox 341 1811 1528 1900; baseline -0.001 -24"><span class='ocrx_word' id='word_1_100' title='bbox 341 1811 391 1876; x_wconf 87' lang='grc' dir='ltr'><strong><em>δου</em></strong></span> <span class='ocrx_word' id='word_1_101' title='bbox 422 1811 572 1892; x_wconf 83' lang='grc' dir='ltr'><strong><em>ἀρχοντος</em></strong></span> <span class='ocrx_word' id='word_1_102' title='bbox 603 1817 774 1878; x_wconf 89' lang='lat' dir='ltr'>commissa</span> <span class='ocrx_word' id='word_1_103' title='bbox 799 1819 847 1879; x_wconf 84' lang='lat' dir='ltr'>eat</span> <span class='ocrx_word' id='word_1_104' title='bbox 869 1813 1069 1880; x_wconf 83' lang='lat' dir='ltr'>nobilissima</span> <span class='ocrx_word' id='word_1_105' title='bbox 1090 1833 1200 1900; x_wconf 85' lang='lat' dir='ltr'>pugna</span> <span class='ocrx_word' id='word_1_106' title='bbox 1222 1813 1306 1898; x_wconf 88' lang='lat' dir='ltr'>apud</span> <span class='ocrx_word' id='word_1_107' title='bbox 1327 1811 1528 1877; x_wconf 73' lang='lat' dir='ltr'>Mantineam</span> 
     </span>
     <span class='ocr_line' id='line_1_14' title="bbox 338 1915 1528 2001; baseline -0.003 -18"><span class='ocrx_word' id='word_1_108' title='bbox 338 1938 419 1983; x_wconf 89' lang='lat' dir='ltr'>anuo</span> <span class='ocrx_word' id='word_1_109' title='bbox 451 1915 517 1983; x_wconf 83' lang='grc'>362</span> <span class='ocrx_word' id='word_1_110' title='bbox 544 1939 652 1984; x_wconf 85' lang='lat' dir='ltr'>manse</span> <span class='ocrx_word' id='word_1_111' title='bbox 676 1919 767 1984; x_wconf 90' lang='lat' dir='ltr'>Iunio</span> <span class='ocrx_word' id='word_1_112' title='bbox 790 1929 829 2001; x_wconf 70' lang='grc' dir='ltr'><strong><em>τῇ</em></strong></span> <span class='ocrx_word' id='word_1_113' title='bbox 851 1918 1005 2001; x_wconf 76' lang='grc' dir='ltr'><strong><em>δοδεκάτρ</em></strong></span> <span class='ocrx_word' id='word_1_114' title='bbox 1029 1922 1082 1983; x_wconf 80' lang='grc' dir='ltr'>τοῦ</span> <span class='ocrx_word' id='word_1_115' title='bbox 1108 1923 1349 1998; x_wconf 77' lang='grc' dir='ltr'><strong><em>Σκιροφοριῶνος.</em></strong></span> <span class='ocrx_word' id='word_1_116' title='bbox 1395 1916 1528 1982; x_wconf 85' lang='lat' dir='ltr'>Plutar-</span> 
     </span>
     <span class='ocr_line' id='line_1_15' title="bbox 339 2021 1528 2111; baseline -0.002 -23"><span class='ocrx_word' id='word_1_117' title='bbox 339 2024 417 2088; x_wconf 92' lang='lat' dir='ltr'>chus</span> <span class='ocrx_word' id='word_1_118' title='bbox 450 2025 518 2111; x_wconf 87' lang='lat' dir='ltr'>(aut</span> <span class='ocrx_word' id='word_1_119' title='bbox 547 2026 740 2110; x_wconf 81' lang='lat' dir='ltr'><strong>quicumque</strong></span> <span class='ocrx_word' id='word_1_120' title='bbox 771 2026 849 2089; x_wconf 79' lang='grc' dir='ltr'><strong><em>υῶοε</em></strong></span> <span class='ocrx_word' id='word_1_121' title='bbox 878 2036 905 2089; x_wconf 84' lang='grc' dir='ltr'>Χ</span> <span class='ocrx_word' id='word_1_122' title='bbox 936 2033 1085 2090; x_wconf 72' lang='lat' dir='ltr'>oratorios</span> <span class='ocrx_word' id='word_1_123' title='bbox 1115 2022 1355 2109; x_wconf 75' lang='lat' dir='ltr'>consarcinavit)</span> <span class='ocrx_word' id='word_1_124' title='bbox 1379 2025 1415 2087; x_wconf 92' lang='lat' dir='ltr'>in</span> <span class='ocrx_word' id='word_1_125' title='bbox 1436 2021 1528 2087; x_wconf 91' lang='lat' dir='ltr'>Plut.</span> 
     </span>
     <span class='ocr_line' id='line_1_16' title="bbox 342 2127 1530 2216; baseline -0.001 -24"><span class='ocrx_word' id='word_1_126' title='bbox 342 2129 456 2192; x_wconf 80' lang='grc' dir='ltr'><strong><em>Μοεοί.</em></strong></span> <span class='ocrx_word' id='word_1_127' title='bbox 487 2149 561 2216; x_wconf 89' lang='lat' dir='ltr'>pag.</span> <span class='ocrx_word' id='word_1_128' title='bbox 593 2127 670 2194; x_wconf 82' lang='lat'><strong>845.</strong></span> <span class='ocrx_word' id='word_1_129' title='bbox 696 2149 726 2194; x_wconf 87' lang='grc' dir='ltr'><strong><em>ιι.</em></strong></span> <span class='ocrx_word' id='word_1_130' title='bbox 751 2133 798 2194; x_wconf 86' lang='lat' dir='ltr'>ita</span> <span class='ocrx_word' id='word_1_131' title='bbox 820 2131 946 2195; x_wconf 88' lang='lat' dir='ltr'>scribit:</span> <span class='ocrx_word' id='word_1_132' title='bbox 976 2131 1161 2214; x_wconf 74' lang='lat' dir='ltr'>„Xenophon</span> <span class='ocrx_word' id='word_1_133' title='bbox 1181 2129 1263 2194; x_wconf 76' lang='lat' dir='ltr'>novit</span> <span class='ocrx_word' id='word_1_134' title='bbox 1286 2129 1530 2204; x_wconf 68' lang='lat' dir='ltr'>Demosthenem</span> 
     </span>
     <span class='ocr_line' id='line_1_17' title="bbox 342 2235 1531 2318; baseline 0.001 -20"><span class='ocrx_word' id='word_1_135' title='bbox 342 2235 383 2314; x_wconf 79' lang='grc' dir='ltr'><strong><em>τῷ</em></strong></span> <span class='ocrx_word' id='word_1_136' title='bbox 415 2235 471 2310; x_wconf 84' lang='grc' dir='ltr'>μὲν</span> <span class='ocrx_word' id='word_1_137' title='bbox 495 2235 558 2314; x_wconf 66' lang='lat' dir='ltr'>reip</span> <span class='ocrx_word' id='word_1_138' title='bbox 581 2235 623 2298; x_wconf 88' lang='grc' dir='ltr'><strong><em>τά</em></strong></span> <span class='ocrx_word' id='word_1_139' title='bbox 645 2235 814 2310; x_wconf 80' lang='grc' dir='ltr'><strong><em>Ἑλλκνιιιά</em></strong></span> <span class='ocrx_word' id='word_1_140' title='bbox 838 2236 974 2301; x_wconf 77' lang='grc' dir='ltr'>ἐτελεῖτο</span> <span class='ocrx_word' id='word_1_141' title='bbox 998 2239 1041 2309; x_wconf 83' lang='grc' dir='ltr'>είς</span> <span class='ocrx_word' id='word_1_142' title='bbox 1065 2239 1107 2302; x_wconf 84' lang='grc' dir='ltr'><strong><em>τά</em></strong></span> <span class='ocrx_word' id='word_1_143' title='bbox 1131 2236 1199 2316; x_wconf 81' lang='grc' dir='ltr'><strong><em>περὶ</em></strong></span> <span class='ocrx_word' id='word_1_144' title='bbox 1223 2237 1277 2310; x_wconf 69' lang='grc' dir='ltr'><strong><em>τῶν</em></strong></span> <span class='ocrx_word' id='word_1_145' title='bbox 1301 2237 1332 2299; x_wconf 80' lang='grc' dir='ltr'>ἐν</span> <span class='ocrx_word' id='word_1_146' title='bbox 1354 2237 1531 2318; x_wconf 73' lang='grc' dir='ltr'><strong><em>Μαντινείᾳ</em></strong></span> 
     </span>
     <span class='ocr_line' id='line_1_18' title="bbox 340 2338 1529 2422; baseline 0.001 -19"><span class='ocrx_word' id='word_1_147' title='bbox 340 2338 466 2419; x_wconf 80' lang='grc' dir='ltr'><strong><em>μοίχιρν,</em></strong></span> <span class='ocrx_word' id='word_1_148' title='bbox 497 2341 636 2418; x_wconf 81' lang='grc' dir='ltr'><strong><em>ἀρχοντα</em></strong></span> <span class='ocrx_word' id='word_1_149' title='bbox 671 2340 702 2405; x_wconf 79' lang='grc' dir='ltr'>δὲ</span> <span class='ocrx_word' id='word_1_150' title='bbox 734 2343 946 2422; x_wconf 69' lang='grc' dir='ltr'>Χαρικλείδην,</span> <span class='ocrx_word' id='word_1_151' title='bbox 979 2343 993 2406; x_wconf 83' lang='grc' dir='ltr'><strong><em>ἀ</em></strong></span> <span class='ocrx_word' id='word_1_152' title='bbox 1022 2342 1052 2406; x_wconf 80' lang='grc' dir='ltr'>δὲ</span> <span class='ocrx_word' id='word_1_153' title='bbox 1078 2343 1218 2422; x_wconf 77' lang='grc' dir='ltr'><strong><em>πρότερον</em></strong></span> <span class='ocrx_word' id='word_1_154' title='bbox 1241 2343 1290 2405; x_wconf 76' lang='grc' dir='ltr'>ἐπὶ</span> <span class='ocrx_word' id='word_1_155' title='bbox 1314 2340 1529 2421; x_wconf 87' lang='grc' dir='ltr'><strong><em>Τιμοκράτους</em></strong></span> 
     </span>
     <span class='ocr_line' id='line_1_19' title="bbox 340 2441 1528 2533; baseline 0.001 -24"><span class='ocrx_word' id='word_1_156' title='bbox 340 2441 404 2509; x_wconf 87' lang='grc' dir='ltr'><strong><em>είλε</em></strong></span> <span class='ocrx_word' id='word_1_157' title='bbox 422 2446 492 2516; x_wconf 82' lang='grc' dir='ltr'><strong><em>τοὺς</em></strong></span> <span class='ocrx_word' id='word_1_158' title='bbox 512 2445 701 2526; x_wconf 74' lang='grc' dir='ltr'><strong><em>ἐπιτρίτους.</em></strong></span> <span class='ocrx_word' id='word_1_159' title='bbox 733 2445 938 2533; x_wconf 86' lang='lat' dir='ltr'>Legendum:</span> <span class='ocrx_word' id='word_1_160' title='bbox 959 2449 973 2512; x_wconf 81' lang='grc' dir='ltr'><strong><em>δ</em></strong></span> <span class='ocrx_word' id='word_1_161' title='bbox 994 2446 1021 2511; x_wconf 89' lang='grc' dir='ltr'>δ’</span> <span class='ocrx_word' id='word_1_162' title='bbox 1037 2447 1152 2512; x_wconf 75' lang='lat' dir='ltr'>”eTel</span> <span class='ocrx_word' id='word_1_163' title='bbox 1173 2447 1328 2532; x_wconf 71' lang='grc' dir='ltr'><strong><em>πρότερον,</em></strong></span> <span class='ocrx_word' id='word_1_164' title='bbox 1349 2470 1428 2512; x_wconf 79' lang='lat' dir='ltr'>anco</span> <span class='ocrx_word' id='word_1_165' title='bbox 1447 2455 1528 2511; x_wconf 80' lang='lat' dir='ltr'>cate.</span> 
     </span>
    </p>

    <p class='ocr_par' dir='ltr' id='par_1_6' title="bbox 384 2548 1308 2642">
     <span class='ocr_line' id='line_1_20' title="bbox 384 2548 1308 2642; baseline 0.003 -26"><span class='ocrx_word' id='word_1_166' title='bbox 384 2551 470 2617; x_wconf 91' lang='lat' dir='ltr'>Nam</span> <span class='ocrx_word' id='word_1_167' title='bbox 492 2568 691 2617; x_wconf 75' lang='lat' dir='ltr'>umocmnus</span> <span class='ocrx_word' id='word_1_168' title='bbox 716 2548 801 2631; x_wconf 68' lang='grc' dir='ltr'><strong><em>ἦρξεν</em></strong></span> <span class='ocrx_word' id='word_1_169' title='bbox 824 2551 954 2639; x_wconf 87' lang='lat' dir='ltr'>Olymp.</span> <span class='ocrx_word' id='word_1_170' title='bbox 979 2551 1054 2618; x_wconf 84' lang='lat'>104.</span> <span class='ocrx_word' id='word_1_171' title='bbox 1080 2553 1108 2617; x_wconf 93' lang='lat' dir='ltr'>l.</span> <span class='ocrx_word' id='word_1_172' title='bbox 1134 2574 1215 2619; x_wconf 88' lang='lat' dir='ltr'>mno</span> <span class='ocrx_word' id='word_1_173' title='bbox 1239 2552 1308 2642; x_wconf 63' lang='lat'>333.</span> 
     </span>
    </p>

    <p class='ocr_par' dir='ltr' id='par_1_7' title="bbox 491 2655 1217 2743">
     <span class='ocr_line' id='line_1_21' title="bbox 491 2655 1217 2743; baseline 0.003 -21"><span class='ocrx_word' id='word_1_174' title='bbox 491 2673 701 2722; x_wconf 79' lang='lat' dir='ltr'>cusmcnmns</span> <span class='ocrx_word' id='word_1_175' title='bbox 723 2655 854 2743; x_wconf 86' lang='lat' dir='ltr'>Olymp.</span> <span class='ocrx_word' id='word_1_176' title='bbox 881 2656 956 2722; x_wconf 88' lang='grc'>104.</span> <span class='ocrx_word' id='word_1_177' title='bbox 980 2658 1013 2725; x_wconf 97' lang='grc'><strong><em>2.</em></strong></span> <span class='ocrx_word' id='word_1_178' title='bbox 1040 2678 1121 2724; x_wconf 87' lang='lat' dir='ltr'>anno</span> <span class='ocrx_word' id='word_1_179' title='bbox 1147 2657 1217 2742; x_wconf 60' lang='lat'>333.</span> 
     </span>
    </p>

    <p class='ocr_par' dir='ltr' id='par_1_8' title="bbox 383 2762 1531 2849">
     <span class='ocr_line' id='line_1_22' title="bbox 383 2762 1531 2849; baseline 0 -20"><span class='ocrx_word' id='word_1_180' title='bbox 383 2766 497 2848; x_wconf 86' lang='lat' dir='ltr'>Itaque</span> <span class='ocrx_word' id='word_1_181' title='bbox 519 2783 586 2839; x_wconf 85' lang='lat' dir='ltr'>res,</span> <span class='ocrx_word' id='word_1_182' title='bbox 611 2782 708 2846; x_wconf 86' lang='lat' dir='ltr'>quam</span> <span class='ocrx_word' id='word_1_183' title='bbox 731 2771 839 2827; x_wconf 86' lang='lat' dir='ltr'>narrat</span> <span class='ocrx_word' id='word_1_184' title='bbox 861 2762 1108 2841; x_wconf 82' lang='lat' dir='ltr'>Demosthenes,</span> <span class='ocrx_word' id='word_1_185' title='bbox 1133 2765 1248 2829; x_wconf 84' lang='lat' dir='ltr'>accidit</span> <span class='ocrx_word' id='word_1_186' title='bbox 1268 2766 1358 2830; x_wconf 89' lang='lat' dir='ltr'>annis</span> <span class='ocrx_word' id='word_1_187' title='bbox 1377 2770 1531 2849; x_wconf 85' lang='lat' dir='ltr'>quatuor·</span> 
     </span>
    </p>

    <p class='ocr_par' dir='ltr' id='par_1_9' title="bbox 340 2868 1204 2953">
     <span class='ocr_line' id='line_1_23' title="bbox 340 2868 1204 2953; baseline 0 -17"><span class='ocrx_word' id='word_1_188' title='bbox 340 2870 444 2936; x_wconf 82' lang='lat' dir='ltr'>decim</span> <span class='ocrx_word' id='word_1_189' title='bbox 466 2873 539 2934; x_wconf 84' lang='lat' dir='ltr'>aute</span> <span class='ocrx_word' id='word_1_190' title='bbox 562 2888 658 2953; x_wconf 89' lang='lat' dir='ltr'>quam</span> <span class='ocrx_word' id='word_1_191' title='bbox 679 2868 757 2933; x_wconf 86' lang='lat' dir='ltr'>haec</span> <span class='ocrx_word' id='word_1_192' title='bbox 780 2869 990 2936; x_wconf 82' lang='lat' dir='ltr'>scriberentur</span> <span class='ocrx_word' id='word_1_193' title='bbox 1015 2868 1204 2936; x_wconf 88' lang='grc'><strong><em>362-348.</em></strong></span> 
     </span>
    </p>
   </div>
   <div class='ocr_carea' id='block_1_5' title="bbox 339 3073 1532 3458">
    <p class='ocr_par' dir='ltr' id='par_1_10' title="bbox 339 3073 1532 3458">
     <span class='ocr_line' id='line_1_24' title="bbox 384 3073 1529 3161; baseline 0.004 -23"><span class='ocrx_word' id='word_1_194' title='bbox 384 3075 464 3161; x_wconf 81' lang='lat' dir='ltr'>Peg.</span> <span class='ocrx_word' id='word_1_195' title='bbox 498 3073 575 3140; x_wconf 87' lang='grc'><strong><em>573.</em></strong></span> <span class='ocrx_word' id='word_1_196' title='bbox 606 3073 659 3140; x_wconf 82' lang='grc'>21.</span> <span class='ocrx_word' id='word_1_197' title='bbox 692 3080 737 3155; x_wconf 68' lang='grc' dir='ltr'>μὴ</span> <span class='ocrx_word' id='word_1_198' title='bbox 760 3077 857 3143; x_wconf 82' lang='grc' dir='ltr'><strong><em>τοίνυν</em></strong></span> <span class='ocrx_word' id='word_1_199' title='bbox 888 3077 942 3142; x_wconf 89' lang='grc' dir='ltr'><strong><em>ε’ἀν</em></strong></span> <span class='ocrx_word' id='word_1_200' title='bbox 973 3080 1031 3156; x_wconf 81' lang='grc' dir='ltr'>μὲν</span> <span class='ocrx_word' id='word_1_201' title='bbox 1064 3080 1135 3160; x_wconf 70' lang='lat' dir='ltr'>eitra</span> <span class='ocrx_word' id='word_1_202' title='bbox 1166 3103 1212 3152; x_wconf 81' lang='grc' dir='ltr'><strong><em>τις</em></strong></span> <span class='ocrx_word' id='word_1_203' title='bbox 1243 3078 1410 3160; x_wconf 86' lang='grc' dir='ltr'><strong><em>ταράνομα</em></strong></span> <span class='ocrx_word' id='word_1_204' title='bbox 1434 3077 1529 3154; x_wconf 75' lang='grc' dir='ltr'><strong><em>οὕτως</em></strong></span> 
     </span>
     <span class='ocr_line' id='line_1_25' title="bbox 339 3178 1530 3272; baseline 0.008 -30"><span class='ocrx_word' id='word_1_205' title='bbox 339 3178 525 3260; x_wconf 74' lang='grc' dir='ltr'><strong><em>ὀργιζόμενοι</em></strong></span> <span class='ocrx_word' id='word_1_206' title='bbox 557 3181 721 3261; x_wconf 82' lang='grc' dir='ltr'><strong><em>Φαίνεσίε,</em></strong></span> <span class='ocrx_word' id='word_1_207' title='bbox 753 3184 806 3248; x_wconf 84' lang='grc' dir='ltr'>ἐάν</span> <span class='ocrx_word' id='word_1_208' title='bbox 839 3183 869 3248; x_wconf 81' lang='grc' dir='ltr'>δὲ</span> <span class='ocrx_word' id='word_1_209' title='bbox 901 3195 970 3266; x_wconf 70' lang='grc' dir='ltr'><strong><em>ποιῇ</em></strong></span> <span class='ocrx_word' id='word_1_210' title='bbox 1003 3187 1061 3270; x_wconf 70' lang='grc' dir='ltr'>[μὴ</span> <span class='ocrx_word' id='word_1_211' title='bbox 1096 3185 1188 3272; x_wconf 71' lang='grc' dir='ltr'><strong><em>λέγῃ]</em></strong></span> <span class='ocrx_word' id='word_1_212' title='bbox 1227 3187 1331 3270; x_wconf 79' lang='grc' dir='ltr'><strong><em>τρρίοις</em></strong></span> <span class='ocrx_word' id='word_1_213' title='bbox 1365 3185 1530 3252; x_wconf 81' lang='grc' dir='ltr'><strong><em>διάκεισάε.</em></strong></span> 
     </span>
     <span class='ocr_line' id='line_1_26' title="bbox 340 3285 1532 3376; baseline 0.006 -27"><span class='ocrx_word' id='word_1_214' title='bbox 340 3285 473 3373; x_wconf 80' lang='lat' dir='ltr'>Frangit</span> <span class='ocrx_word' id='word_1_215' title='bbox 503 3285 679 3371; x_wconf 88' lang='lat' dir='ltr'>insipidum</span> <span class='ocrx_word' id='word_1_216' title='bbox 711 3289 966 3355; x_wconf 87' lang='lat' dir='ltr'>additamentum</span> <span class='ocrx_word' id='word_1_217' title='bbox 990 3294 1196 3376; x_wconf 85' lang='lat' dir='ltr'>oppositionis</span> <span class='ocrx_word' id='word_1_218' title='bbox 1218 3294 1287 3358; x_wconf 87' lang='lat' dir='ltr'>vim</span> <span class='ocrx_word' id='word_1_219' title='bbox 1311 3297 1343 3357; x_wconf 85' lang='lat' dir='ltr'>et</span> <span class='ocrx_word' id='word_1_220' title='bbox 1364 3290 1428 3358; x_wconf 91' lang='lat' dir='ltr'>loci</span> <span class='ocrx_word' id='word_1_221' title='bbox 1450 3295 1532 3357; x_wconf 87' lang='lat' dir='ltr'>acri-</span> 
     </span>
     <span class='ocr_line' id='line_1_27' title="bbox 339 3411 645 3458; baseline -0.003 -1"><span class='ocrx_word' id='word_1_222' title='bbox 339 3411 482 3458; x_wconf 87' lang='lat' dir='ltr'>momam</span> <span class='ocrx_word' id='word_1_223' title='bbox 504 3413 645 3457; x_wconf 88' lang='lat' dir='ltr'>omnem.</span> 
     </span>
    </p>
   </div>
   <div class='ocr_carea' id='block_1_6' title="bbox 322 3599 1530 3902">
    <p class='ocr_par' dir='ltr' id='par_1_11' title="bbox 322 3599 1530 3902">
     <span class='ocr_line' id='line_1_28' title="bbox 385 3599 1530 3686; baseline 0.004 -18"><span class='ocrx_word' id='word_1_224' title='bbox 385 3602 464 3668; x_wconf 87' lang='lat' dir='ltr'>Post</span> <span class='ocrx_word' id='word_1_225' title='bbox 485 3621 586 3686; x_wconf 87' lang='lat' dir='ltr'>pauca</span> <span class='ocrx_word' id='word_1_226' title='bbox 610 3599 686 3666; x_wconf 85' lang='lat'><strong>574.</strong></span> <span class='ocrx_word' id='word_1_227' title='bbox 713 3602 743 3666; x_wconf 90' lang='lat'>1.</span> <span class='ocrx_word' id='word_1_228' title='bbox 766 3601 829 3667; x_wconf 81' lang='grc' dir='ltr'><strong><em>οὔτ’</em></strong></span> <span class='ocrx_word' id='word_1_229' title='bbox 853 3603 997 3677; x_wconf 72' lang='grc' dir='ltr'><strong><em>ἐλεήσετε</em></strong></span> <span class='ocrx_word' id='word_1_230' title='bbox 1019 3603 1084 3670; x_wconf 82' lang='grc' dir='ltr'><strong><em>οὔτ’</em></strong></span> <span class='ocrx_word' id='word_1_231' title='bbox 1109 3606 1270 3686; x_wconf 72' lang='grc' dir='ltr'><strong><em>ἀφήσετε,</em></strong></span> <span class='ocrx_word' id='word_1_232' title='bbox 1294 3605 1369 3671; x_wconf 88' lang='grc' dir='ltr'><strong><em>ἀλλ’</em></strong></span> <span class='ocrx_word' id='word_1_233' title='bbox 1394 3608 1530 3673; x_wconf 82' lang='grc' dir='ltr'><strong><em>ἀποκτε-</em></strong></span> 
     </span>
     <span class='ocr_line' id='line_1_29' title="bbox 322 3708 1530 3800; baseline 0.005 -28"><span class='ocrx_word' id='word_1_234' title='bbox 322 3717 420 3773; x_wconf 81' lang='grc' dir='ltr'><strong><em>-νείτε</em></strong></span> <span class='ocrx_word' id='word_1_235' title='bbox 444 3709 461 3783; x_wconf 75' lang='grc' dir='ltr'>ἢ</span> <span class='ocrx_word' id='word_1_236' title='bbox 484 3708 675 3783; x_wconf 78' lang='grc' dir='ltr'><strong><em>ἀτιμώσετε,</em></strong></span> <span class='ocrx_word' id='word_1_237' title='bbox 698 3709 732 3770; x_wconf 89' lang='lat' dir='ltr'>in</span> <span class='ocrx_word' id='word_1_238' title='bbox 755 3709 787 3770; x_wconf 87' lang='lat' dir='ltr'>S.</span> <span class='ocrx_word' id='word_1_239' title='bbox 807 3711 965 3792; x_wconf 77' lang='lat' dir='ltr'>scriptum</span> <span class='ocrx_word' id='word_1_240' title='bbox 988 3716 1036 3774; x_wconf 81' lang='lat' dir='ltr'>est</span> <span class='ocrx_word' id='word_1_241' title='bbox 1058 3711 1268 3777; x_wconf 73' lang='grc' dir='ltr'><strong><em>ἀποκτείνετε.</em></strong></span> <span class='ocrx_word' id='word_1_242' title='bbox 1302 3712 1383 3777; x_wconf 73' lang='lat' dir='ltr'>Tam</span> <span class='ocrx_word' id='word_1_243' title='bbox 1406 3714 1530 3800; x_wconf 83' lang='lat' dir='ltr'>incogi-</span> 
     </span>
     <span class='ocr_line' id='line_1_30' title="bbox 340 3811 1460 3902; baseline 0.003 -23"><span class='ocrx_word' id='word_1_244' title='bbox 340 3820 444 3880; x_wconf 84' lang='lat' dir='ltr'>tanter</span> <span class='ocrx_word' id='word_1_245' title='bbox 466 3814 568 3880; x_wconf 90' lang='lat' dir='ltr'>solent</span> <span class='ocrx_word' id='word_1_246' title='bbox 588 3815 623 3877; x_wconf 92' lang='lat' dir='ltr'>in</span> <span class='ocrx_word' id='word_1_247' title='bbox 646 3813 750 3878; x_wconf 84' lang='lat' dir='ltr'>verbis</span> <span class='ocrx_word' id='word_1_248' title='bbox 772 3811 938 3897; x_wconf 86' lang='lat' dir='ltr'>liquidatis</span> <span class='ocrx_word' id='word_1_249' title='bbox 960 3814 1068 3882; x_wconf 81' lang='lat' dir='ltr'>fiuturo</span> <span class='ocrx_word' id='word_1_250' title='bbox 1091 3837 1235 3902; x_wconf 85' lang='lat' dir='ltr'>praesens</span> <span class='ocrx_word' id='word_1_251' title='bbox 1259 3819 1460 3884; x_wconf 88' lang='lat' dir='ltr'>substituere.</span> 
     </span>
    </p>
   </div>
   <div class='ocr_carea' id='block_1_7' title="bbox 339 4018 1529 4538">
    <p class='ocr_par' dir='ltr' id='par_1_12' title="bbox 339 4018 1529 4408">
     <span class='ocr_line' id='line_1_31' title="bbox 385 4018 1529 4112; baseline 0.003 -24"><span class='ocrx_word' id='word_1_252' title='bbox 385 4022 466 4111; x_wconf 89' lang='lat' dir='ltr'>Pag.</span> <span class='ocrx_word' id='word_1_253' title='bbox 490 4018 567 4086; x_wconf 83' lang='grc'><strong><em>574.</em></strong></span> <span class='ocrx_word' id='word_1_254' title='bbox 590 4019 645 4086; x_wconf 87' lang='grc'>21.</span> <span class='ocrx_word' id='word_1_255' title='bbox 669 4019 707 4085; x_wconf 86' lang='grc' dir='ltr'>ἀν</span> <span class='ocrx_word' id='word_1_256' title='bbox 730 4021 826 4086; x_wconf 88' lang='grc' dir='ltr'><strong><em>τοίνυν</em></strong></span> <span class='ocrx_word' id='word_1_257' title='bbox 852 4023 923 4100; x_wconf 80' lang='grc' dir='ltr'><strong><em>ὑμῖν</em></strong></span> <span class='ocrx_word' id='word_1_258' title='bbox 947 4023 1060 4112; x_wconf 73' lang='grc' dir='ltr'>[ὀρθῶς]</span> <span class='ocrx_word' id='word_1_259' title='bbox 1087 4023 1159 4105; x_wconf 79' lang='grc' dir='ltr'><strong><em>ε’τίρ</em></strong></span> <span class='ocrx_word' id='word_1_260' title='bbox 1177 4035 1302 4093; x_wconf 82' lang='grc' dir='ltr'><strong><em>σκοτεῖν</em></strong></span> <span class='ocrx_word' id='word_1_261' title='bbox 1322 4028 1429 4094; x_wconf 81' lang='grc' dir='ltr'><strong><em>τούτου</em></strong></span> <span class='ocrx_word' id='word_1_262' title='bbox 1447 4044 1529 4103; x_wconf 76' lang='grc' dir='ltr'><strong><em>τλη-</em></strong></span> 
     </span>
     <span class='ocr_line' id='line_1_32' title="bbox 340 4126 1528 4214; baseline 0.005 -20"><span class='ocrx_word' id='word_1_263' title='bbox 340 4131 433 4209; x_wconf 75' lang='grc' dir='ltr'><strong><em>ρυτδρν</em></strong></span> <span class='ocrx_word' id='word_1_264' title='bbox 464 4129 605 4209; x_wconf 75' lang='grc' dir='ltr'><strong><em>εὑρήσετε</em></strong></span> <span class='ocrx_word' id='word_1_265' title='bbox 634 4127 767 4192; x_wconf 78' lang='grc' dir='ltr'><strong><em>Μειδίαν</em></strong></span> <span class='ocrx_word' id='word_1_266' title='bbox 797 4126 872 4192; x_wconf 81' lang='grc' dir='ltr'><strong><em>ὅντα</em></strong></span> <span class='ocrx_word' id='word_1_267' title='bbox 907 4133 960 4193; x_wconf 79' lang='grc' dir='ltr'>τοῦ</span> <span class='ocrx_word' id='word_1_268' title='bbox 998 4129 1108 4210; x_wconf 87' lang='grc' dir='ltr'><strong><em>ἕροίνου.</em></strong></span> <span class='ocrx_word' id='word_1_269' title='bbox 1157 4130 1346 4198; x_wconf 84' lang='lat' dir='ltr'>Rectissime</span> <span class='ocrx_word' id='word_1_270' title='bbox 1380 4136 1467 4214; x_wconf 84' lang='grc' dir='ltr'><strong><em>ἀρίῶς</em></strong></span> <span class='ocrx_word' id='word_1_271' title='bbox 1503 4133 1528 4201; x_wconf 84' lang='lat' dir='ltr'>S</span> 
     </span>
     <span class='ocr_line' id='line_1_33' title="bbox 340 4232 1527 4326; baseline 0.004 -25"><span class='ocrx_word' id='word_1_272' title='bbox 340 4237 473 4301; x_wconf 87' lang='lat' dir='ltr'>omittit.</span> <span class='ocrx_word' id='word_1_273' title='bbox 519 4232 556 4298; x_wconf 92' lang='lat' dir='ltr'>In</span> <span class='ocrx_word' id='word_1_274' title='bbox 585 4254 620 4299; x_wconf 88' lang='lat' dir='ltr'>re</span> <span class='ocrx_word' id='word_1_275' title='bbox 649 4238 717 4297; x_wconf 91' lang='lat' dir='ltr'>tam</span> <span class='ocrx_word' id='word_1_276' title='bbox 745 4235 929 4314; x_wconf 83' lang='lat' dir='ltr'>manifesta,</span> <span class='ocrx_word' id='word_1_277' title='bbox 955 4235 993 4301; x_wconf 88' lang='lat' dir='ltr'>de</span> <span class='ocrx_word' id='word_1_278' title='bbox 1020 4257 1082 4321; x_wconf 87' lang='lat' dir='ltr'>qua</span> <span class='ocrx_word' id='word_1_279' title='bbox 1104 4257 1197 4304; x_wconf 88' lang='lat' dir='ltr'>nemo</span> <span class='ocrx_word' id='word_1_280' title='bbox 1221 4239 1376 4326; x_wconf 80' lang='lat' dir='ltr'>ambigit,</span> <span class='ocrx_word' id='word_1_281' title='bbox 1401 4249 1527 4306; x_wconf 76' lang='grc' dir='ltr'><strong><em>σκοπεῖν</em></strong></span> 
     </span>
     <span class='ocr_line' id='line_1_34' title="bbox 339 4343 498 4408; baseline -0.006 -1"><span class='ocrx_word' id='word_1_282' title='bbox 339 4343 415 4408; x_wconf 87' lang='lat' dir='ltr'>satis</span> <span class='ocrx_word' id='word_1_283' title='bbox 439 4345 498 4406; x_wconf 87' lang='lat' dir='ltr'>est.</span> 
     </span>
    </p>

    <p class='ocr_par' dir='ltr' id='par_1_13' title="bbox 379 4443 1527 4538">
     <span class='ocr_line' id='line_1_35' title="bbox 379 4443 1527 4538; baseline 0.007 -28"><span class='ocrx_word' id='word_1_284' title='bbox 379 4444 547 4510; x_wconf 88' lang='lat' dir='ltr'>Praeterea</span> <span class='ocrx_word' id='word_1_285' title='bbox 569 4443 737 4525; x_wconf 73' lang='grc' dir='ltr'><strong><em>ἐσέρχεται</em></strong></span> <span class='ocrx_word' id='word_1_286' title='bbox 761 4468 812 4523; x_wconf 89' lang='grc' dir='ltr'><strong><em>μοι</em></strong></span> <span class='ocrx_word' id='word_1_287' title='bbox 835 4455 960 4514; x_wconf 78' lang='grc' dir='ltr'><strong><em>σκοπεῖν</em></strong></span> <span class='ocrx_word' id='word_1_288' title='bbox 984 4449 1063 4516; x_wconf 85' lang='lat' dir='ltr'>bene</span> <span class='ocrx_word' id='word_1_289' title='bbox 1082 4448 1196 4528; x_wconf 88' lang='lat' dir='ltr'>habet,</span> <span class='ocrx_word' id='word_1_290' title='bbox 1217 4455 1255 4516; x_wconf 92' lang='lat' dir='ltr'>ut</span> <span class='ocrx_word' id='word_1_291' title='bbox 1273 4470 1347 4538; x_wconf 86' lang='lat' dir='ltr'>pag.</span> <span class='ocrx_word' id='word_1_292' title='bbox 1372 4449 1448 4518; x_wconf 81' lang='grc'><strong><em>576.</em></strong></span> <span class='ocrx_word' id='word_1_293' title='bbox 1467 4451 1527 4518; x_wconf 91' lang='grc'><strong><em>26.</em></strong></span> 
     </span>
    </p>
   </div>
   <div class='ocr_carea' id='block_1_8' title="bbox 0 0 1710 5084">
    <p class='ocr_par' dir='ltr' id='par_1_14' title="bbox 0 0 1710 5084">
     <span class='ocr_line' id='line_1_36' title="bbox 0 0 1710 5084; baseline 0 0"><span class='ocrx_word' id='word_1_294' title='bbox 0 0 1710 5084; x_wconf 95' lang='lat' dir='ltr'> </span> 
     </span>
    </p>
   </div>
  </div>
 </body>
</html>
