3356 5086
167 517 345 596 τελέσοοσι,
369 515 516 600 arbiror,
542 517 673 602 κορέσει,
698 516 832 597 ἐρύσοοσι
856 517 939 584 nihil
961 539 1072 586 nocero
1091 521 1222 604 possint.
1252 520 1362 586 Ἐντοι·

167 625 268 690 νύσειν
291 624 375 710 quod
398 624 503 689 solum
528 629 595 689 arat
618 622 778 708 reliquum
796 644 880 688 nunc
900 631 933 688 et
951 627 1059 711 ipsum
1078 623 1282 692 eliminatum
1302 632 1359 692 ast.

167 730 232 796 Sed
262 751 338 816 quaa
368 729 473 795 sordes
505 751 544 794 er
575 729 715 795 Homero
746 730 855 795 sedulo
886 750 995 798 omnes
1018 731 1170 808 aluimus,
1198 752 1252 797 aas
1276 733 1360 817 apud

166 836 248 902 alios
276 838 479 922 pertinaciter
500 834 630 900 haerent
653 837 733 900 vitio
758 832 986 902 Graeculorum
1012 840 1157 922 antiquas
1180 837 1295 902 formas
1319 859 1358 903 ox

166 944 296 1007 inscitia
329 941 600 1026 interpolantium.
648 939 710 1020 Qui
747 939 888 1007 Homero
923 943 1133 1008 obtrudebant
1163 943 1298 1023 κορέεειι
1329 949 1361 1009 61

167 1047 305 1132 tropica,
328 1048 429 1112 iidem
453 1046 576 1111 duobus
598 1045 676 1112 loeis
698 1044 900 1124 Herodotum
924 1046 982 1112 hac
1006 1048 1134 1130 macula
1153 1050 1361 1134 inquinarunt

167 1163 193 1218 1.
208 1152 284 1218 212.
309 1150 326 1227 ἦ
351 1152 408 1230 μέν
431 1175 466 1216 σε
490 1151 552 1229 ἐγὼ
577 1151 629 1217 καὶ
655 1149 795 1228 draucos
819 1151 910 1217 ἐόντα
931 1150 1065 1230 ciamare
1086 1154 1219 1234 sotlec,
1240 1161 1272 1220 et
1292 1177 1360 1241 cap.

167 1258 246 1323 214.
270 1260 303 1323 σὲ
329 1258 354 1323 δ’
379 1257 457 1336 ἐγώ.
483 1258 625 1337 κατάπερ
649 1258 821 1333 datianam,
844 1255 978 1335 ιιῖμνιτος
999 1259 1125 1340 κορέῦω.
1162 1259 1220 1326 Nil
1244 1261 1360 1327 disson-

167 1367 255 1429 tiunt
276 1363 369 1440 libri,
396 1344 451 1429 sed
466 1365 614 1449 futurarm
637 1363 748 1444 nepteo
770 1364 942 1430 barbarum
963 1369 1011 1430 661
1030 1371 1063 1431 61
1081 1367 1250 1450 utrobique
1271 1365 1358 1446 κορέω

167 1469 393 1556 reponendum.
429 1469 588 1534 Futurum
618 1467 802 1546 συγκαλέειν
833 1472 935 1536 evasit
965 1489 1012 1536 111.
1038 1471 1091 1538 74.
1116 1472 1170 1538 sed
1194 1476 1301 1538 tamon
1327 1475 1360 1538 in

167 1578 250 1643 bono
271 1577 354 1643 libro
378 1577 591 1654 συγκολέοειν
615 1580 754 1660 apparat.

215 1683 300 1764 Quae
332 1683 441 1747 futura
472 1682 556 1766 apud
585 1680 787 1746 Herodotum
820 1680 992 1747 er-ciro
1017 1687 1183 1750 61166111
1207 1691 1358 1771 perpetuo

168 1793 329 1854 6611116616
359 1787 483 1854 ridebis
513 1806 535 1852 1.
569 1785 622 1853 117.
656 1788 708 1851 οὐκ
733 1785 794 1862 ἔφη
820 1789 929 1854 δικΑΝ
955 1786 1018 1852 ἔτι·
1045 1791 1078 1853 οὐ
1103 1789 1166 1870 γάρ
1190 1792 1214 1854 oi
1240 1805 1360 1871 λυσιτε·

169 1895 249 1958 assa
268 1932 310 1943 -
329 1893 367 1958 δι’
401 1892 512 1973 ἡμέρης
537 1891 678 1973 δικάζειν.
704 1912 728 1958 1.
755 1890 830 1957 199.
853 1893 1039 1978 ἀποδοκιμᾷ.
1064 1912 1132 1960 vm.
1160 1894 1214 1960 68.
1239 1896 1361 1961 διοισκε-

170 2001 246 2084 δᾷς,
279 2005 312 2065 61
334 2002 455 2085 passim
479 2001 572 2082 ἐλᾷς,
598 1999 740 2081 ἀπελᾷς,
765 1999 858 2082 laris,
882 2001 957 2064 ἐνιιῖιν
981 2003 1106 2064 etaim.
1131 1999 1216 2065 Hinc
1240 2005 1361 2087 optime

171 2105 353 2171 emendavit
383 2103 543 2172 lacobsius
573 2105 750 2172 Eusebium
780 2103 923 2169 lonicum
954 2107 1138 2190 scriptorem
1166 2106 1250 2190 apud
1273 2108 1360 2173 Stob.
1387 2095 1390 2102 Δ

170 2211 280 2276 Foro.
305 2209 358 2275 46.
385 2209 439 2276 41.
462 2213 523 2291 χρὴ
548 2210 657 2276 rillaco
682 2209 788 2274 σιέντσο
812 2210 863 2275 σὸν
887 2209 1045 2288 μέλλοντα
1066 2211 1219 2290 1161ρώ666
1240 2235 1361 2276 aara-

172 2317 276 2392 δίκον,
301 2319 476 2382 6611666161
498 2315 613 2402 aliquis
637 2314 872 2396 καταδικάζειν,
900 2337 969 2382 rem
993 2337 1051 2382 acu
1071 2318 1181 2403 tetigit
1202 2316 1360 2386 166616116

172 2421 346 2487 narcissis
366 2441 529 2507 reponens.

218 2525 334 2594 Contra
365 2527 449 2612 apud
476 2529 642 2612 scriptores
663 2530 787 2594 Atticos
809 2529 927 2614 passim
952 2528 1074 2596 videbis
1097 2528 1215 2594 formas
1238 2531 1360 2615 sequio-

172 2655 221 2699 166
243 2633 378 2710 τελέσω,
402 2633 591 2718 tranasse,
615 2635 755 2708 καλέσω,
779 2632 959 2717 dysaliae,
984 2633 1193 2718 σνγκνιλέσω,
1215 2635 1269 2701 vel
1291 2636 1360 2702 bar·

172 2739 262 2806 baras
283 2745 321 2804 ut
343 2740 535 2823 κομίσουσιν,
559 2742 747 2824 aequissimo
768 2741 873 2804 animo
893 2739 931 2804 ab
951 2739 1134 2805 Editoribus
1154 2739 1247 2818 ferri,
1268 2743 1359 2826 quasi

172 2845 253 2910 nihil
283 2847 412 2910 omnino
440 2845 647 2910 dubitationis
671 2845 831 2910 haberant.
863 2843 899 2910 111
922 2848 1025 2930 poetis
1048 2847 1164 2910 Atticis
1188 2846 1279 2912 credo
1302 2847 1361 2913 hu-

172 2951 347 3016 iuscemodi
369 2950 556 3015 mendorum
581 2953 719 3038 vestigia
735 2953 801 3016 iam
820 2971 978 3036 nusquam
1001 2972 1180 3037 superasse,
1201 2951 1256 3018 sed
1276 2951 1362 3039 apud

174 3053 320 3121 Oratores
349 3055 455 3121 multa
481 3061 648 3142 supersunt
676 3059 708 3121 61
739 3056 822 3142 apud
857 3055 1024 3122 Platonem
1048 3064 1081 3122 et
1104 3063 1251 3123 caeteros.
1287 3056 1362 3124 866-

174 3163 245 3245 pius
269 3162 452 3228 observabis
471 3166 625 3250 genninas
646 3161 763 3227 formas
782 3165 917 3228 intactas
937 3163 1068 3230 evadere
1088 3162 1282 3248 ubicumque
1300 3183 1363 3229 non

174 3270 322 3333 continuo
352 3273 501 3353 appareat
523 3268 635 3354 sotori
659 3271 811 3352 temporis
834 3269 996 3333 notionem
1019 3268 1059 3331 iis
1083 3269 1202 3346 inesse,
1227 3269 1283 3334 sed
1305 3269 1363 3335 ubi

174 3372 319 3438 futurum
343 3393 409 3438 esse
432 3371 582 3439 Graeculi
606 3375 748 3438 sentiunt
771 3375 884 3438 statim
905 3372 1016 3438 formis
1039 3375 1180 3458 antiquis
1202 3374 1360 3441 illaesub·

175 3480 329 3556 stimant,
361 3479 476 3564 quibus
505 3480 568 3564 ipsi
599 3485 631 3544 61
662 3477 808 3563 aequales
829 3499 939 3544 omnes
962 3485 1112 3564 perpetuo
1136 3481 1186 3544 uti
1210 3479 1362 3546 solebant.

175 3581 281 3648 Multa
322 3588 447 3670 saepius
490 3586 586 3649 huius
624 3586 670 3649 rei
705 3585 849 3669 exempla
884 3590 916 3650 61
951 3585 1140 3651 documenta
1175 3585 1295 3671 protuli
1328 3587 1363 3652 in

182 3686 249 3752 ἴον.
286 3688 381 3752 decit.
418 3709 491 3776 pag.
527 3688 603 3754 242.
636 3694 668 3756 61
700 3691 735 3754 in
765 3690 842 3755 Noc.
874 3689 967 3754 16111.
998 3711 1072 3777 pag.
1106 3689 1148 3756 63
1181 3696 1213 3755 61
1241 3689 1306 3754 438
1330 3695 1364 3756 61

175 3792 264 3877 plura
294 3793 463 3878 aliqnando
498 3798 685 3880 praesertim
716 3816 754 3861 er
778 3793 990 3860 Demosthene
1014 3801 1046 3860 61
1068 3796 1200 3862 Platone
1223 3796 1361 3883 proferro

175 3900 207 3962 in
229 3901 337 3964 animo
361 3905 420 3964 est.

218 4003 328 4070 Unum
351 4005 477 4070 addam.
513 4004 569 4072 861
592 4010 692 4071 116116
716 4001 828 4091 Odyss.
853 4013 899 4070 M.
925 4003 1002 4072 383.
1026 4008 1074 4072 ita
1096 4009 1253 4074 minatur:

355 4109 485 4187 δύσομαι
509 4113 550 4184 εἷς
577 4111 686 4178 ’Aliso
711 4111 762 4175 κιι)
789 4111 818 4174 ἐν
843 4111 979 4177 νεκύεσσι
1004 4113 1167 4194 φιιείνιν.

174 4217 342 4301 antiquum
374 4217 517 4282 obtinent
547 4215 775 4294 Grammatici,
810 4219 866 4302 qui
897 4219 988 4283 nobis
1019 4220 1166 4284 occinunt
1189 4237 1302 4284 suum:
1328 4224 1362 4287 11

174 4322 326 4404 Φκείνο
365 4322 509 4394 ἐνεςῶτός
544 4325 605 4391 ἐςιν
637 4321 706 4388 cirri
737 4327 789 4388 τοῦ
820 4321 1005 4408 μέλλοντος,
1037 4323 1130 4388 scrib.
1164 4322 1267 4397 ἕνεςώς
1301 4327 1363 4395 ἐςιν

173 4429 240 4496 ἀντὶ
272 4427 459 4510 μέλλοντος,
484 4451 628 4513 prceaears
652 4451 712 4513 pro
732 4430 866 4515 saturo,
891 4429 981 4521 quasi
1001 4427 1084 4494 nihil
1107 4448 1144 4494 oa
1166 4449 1215 4500 res
1238 4431 1361 4502 dubita·
