3304 5090
862 625 919 691 111.

751 843 834 901 Nm
859 853 899 902 sn
925 845 1038 902 ΟΦΩΙ.

436 1050 582 1129 detera,
606 1045 834 1128 Ἀμεοὶοχεοοο,
860 1047 911 1111 ἐπ’
935 1046 1023 1127 εὐρέος
1046 1052 1126 1113 νῶτος
1150 1045 1310 1120 θαλάσσης

480 1156 624 1223 Ἑλλάδος
647 1163 702 1230 τῆς
724 1151 830 1230 ξουθῆς
854 1152 1013 1235 δειλότεροι
1037 1154 1182 1233 κεμάδος.

435 1261 706 1344 γωνιοβόμβυκες,
730 1260 977 1339 μονοσύλλαβοι,
1003 1255 1059 1326 olus
1083 1259 1209 1338 μέμηλε

482 1371 516 1436 rb
543 1375 641 1435 co1N
665 1367 718 1433 sal
742 1367 777 1432 σδ
804 1376 925 1432 ΟΦΩΝ
950 1367 1003 1431 sal
1027 1367 1062 1431 σδ
1086 1375 1169 1432 MIN
1194 1367 1245 1442 ἠδὲ
1267 1367 1302 1432 σδ
1324 1375 1414 1433 ΝΙΝ.

344 1477 392 1544 De
415 1499 449 1544 rc
472 1479 562 1543 tenui
585 1475 703 1540 dicturi
726 1473 808 1538 nihil
831 1473 1076 1539 reformidamus
1099 1479 1155 1538 aut
1177 1474 1234 1540 has
1256 1481 1312 1541 eut
1329 1475 1380 1540 his
1399 1477 1495 1540 simi-

300 1584 347 1650 les
369 1585 561 1650 urbanorum
584 1582 753 1647 hominum
777 1581 907 1646 facetias
931 1585 963 1646 et
985 1579 1116 1666 lepores.
1164 1580 1266 1645 Utin
1290 1580 1373 1646 bello
1391 1585 1438 1647 sic
1457 1585 1496 1647 in

299 1691 516 1778 grammatica
539 1687 622 1753 nihil
645 1689 808 1752 contemni
830 1692 969 1772 oportet,
993 1690 1259 1773 necquicquam,
1284 1691 1340 1773 qui
1362 1691 1495 1755 minuta

300 1797 378 1862 haec
401 1798 569 1883 spreverit,
593 1813 748 1879 umquem
773 1793 848 1859 fecit
867 1796 904 1858 in
923 1813 960 1860 re
973 1795 1095 1872 'critica
1116 1814 1229 1879 operae
1250 1797 1401 1879 pretium.
1488 1853 1493 1861 .

347 1901 410 1981 Qui
433 1903 514 1968 hanc
536 1901 778 1983 grammaticam
798 1905 899 1965 artem
920 1900 1011 1966 nobis
1030 1921 1048 1966 a
1066 1900 1250 1985 primordiis
1266 1901 1491 1982 condiderunt,

300 2008 485 2074 incredibile
516 2007 605 2073 dictu
635 2017 682 2072 est
712 2007 746 2070 in
775 2005 892 2091 quibus
923 2007 962 2074 ab
985 2008 1080 2071 initio
1102 2007 1240 2072 tenebris
1263 2007 1366 2073 veluti
1389 2014 1493 2074 tenta-

299 2114 401 2180 bundi
433 2115 521 2180 viam
551 2115 766 2200 quaesiverint
798 2116 830 2177 et
855 2115 889 2176 in
912 2117 1045 2198 quantos
1069 2133 1186 2178 errores
1209 2133 1243 2178 se
1266 2113 1427 2180 induerint
1450 2115 1492 2181 li·

301 2219 430 2286 brorum
461 2225 607 2285 veterum
638 2217 764 2284 mendis
795 2217 936 2304 decepti,
961 2218 1058 2284 donec
1082 2219 1259 2284 Aristarchi
1280 2219 1433 2300 ἀγχίνοια
1458 2226 1492 2286 et

299 2346 414 2392 sanum
443 2325 601 2390 iudicium
633 2324 716 2406 odor
749 2324 896 2402 ἑτάροισιν
927 2323 1038 2400 ἔθηκεν.
1085 2326 1135 2389 Ea
1167 2347 1216 2390 cor
1244 2326 1403 2403 Zenodoti,
1434 2329 1490 2412 qui

299 2453 356 2519 per
384 2435 486 2498 totam
518 2435 621 2498 vitam
647 2430 726 2517 quid
747 2432 914 2498 interesset
935 2433 1019 2497 inter
1041 2435 1097 2498 νῶϊ
1120 2465 1161 2480 -
1187 2435 1257 2498 νῶϊν
1280 2438 1312 2498 et
1334 2436 1423 2514 σφῶϊ
1446 2469 1489 2484 -·

300 2541 398 2622 σφῶϊν
423 2544 455 2604 et
478 2540 566 2618 σφῶϊ
590 2573 631 2586 -
657 2545 743 2616 σφωε
767 2557 829 2602 non
852 2541 956 2623 potuit
979 2541 1162 2624 perspicere.
1210 2538 1319 2604 Huius
1342 2542 1376 2604 in
1400 2561 1437 2606 ea
1456 2561 1491 2606 re

299 2665 418 2712 errores
442 2642 644 2710 Aristarchus
666 2644 833 2721 abstersit,
858 2644 912 2710 sed
935 2647 1003 2729 ipse
1026 2643 1227 2710 Aristarchus
1250 2648 1283 2710 in
1303 2666 1367 2712 uno
1386 2665 1490 2712 errore

299 2757 443 2836 tenetur,
475 2769 571 2836 quem
602 2751 724 2836 operire
755 2751 940 2815 conabimur
971 2756 1004 2817 et
1034 2749 1155 2817 tollere.
1202 2750 1240 2816 In
1265 2752 1356 2818 Iliad.
1389 2763 1429 2819 A.
1456 2750 1489 2817 8.

298 2857 474 2924 Zenodotee
504 2857 602 2923 editio
635 2856 681 2943 (id
700 2861 749 2922 est
770 2855 846 2921 libri
868 2861 1009 2934 veteres,
1035 2877 1113 2942 quos
1136 2855 1313 2924 Zenodotus
1336 2863 1433 2924 testes
1455 2863 1489 2922 et

299 2969 442 3030 auctores
464 2963 666 3049 sequebatur)
691 2965 880 3048 scripturam
905 2963 1097 3029 exhibebant
1122 2963 1218 3029 hanc:

475 3070 522 3141 τίς
545 3068 603 3147 rab
629 3077 734 3134 ΟΦΩΙ
760 3069 829 3134 θεῶν
854 3065 923 3148 ἔριδι
947 3067 1071 3146 ξυνέηκε
1096 3069 1278 3151 μάχεσθσος

300 3175 481 3244 emendavit
504 3174 707 3240 Aristarchus
729 3176 887 3242 incertum
911 3197 928 3241 e
950 3175 1081 3242 librisne
1102 3197 1141 3242 sn
1161 3198 1200 3242 ex
1219 3176 1350 3264 linguae
1368 3175 1491 3245 Home-

299 3285 383 3349 ricae
412 3283 561 3346 interiore
592 3283 722 3346 notitia:
754 3281 801 3353 τίς
832 3280 890 3360 σάς
924 3291 1041 3347 cone
1073 3303 1130 3368 pro
1158 3292 1261 3348 conl
1286 3291 1318 3349 et
1340 3287 1491 3370 apposuit

300 3389 410 3462 διπλῆν
434 3385 685 3468 περοεςογμένην,
711 3389 803 3452 cuius
827 3407 927 3473 quum
951 3389 1150 3456 Aristonicus
1170 3393 1325 3456 rationem
1352 3393 1491 3477 aperiret

300 3517 339 3561 ex
362 3492 609 3562 Commentariis
631 3494 843 3560 Aristarcheis
862 3495 938 3561 haec
964 3496 1063 3561 ferme
1086 3499 1244 3564 enotavit:
1271 3497 1287 3571 ἡ
1312 3498 1406 3573 berar?
1430 3521 1490 3570 σε·Ι

300 3602 475 3684 pras-syphon
500 3599 545 3666 der
571 3599 732 3675 Ζηνόδοτος
758 3601 877 3682 γράφει
901 3610 1017 3667 edm.
1039 3605 1151 3676 κακῶς.
1178 3607 1195 3678 ἦ
1220 3603 1283 3683 νὰς
1306 3607 1411 3686 σφῶϊ
1436 3603 1491 3670 δύο

300 3709 433 3782 πτώσεις
457 3705 639 3789 ἐπιδέχεται
665 3707 782 3784 ὑμεῖς
806 3731 842 3773 σε
866 3707 919 3774 acl
944 3709 1070 3788 ὑμᾶς,
1096 3705 1133 3773 ὧν
1156 3709 1307 3790 οὐδέτερον
1328 3711 1488 3792 οὶρμᾶσσεο.

299 3815 335 3882 τὸ
367 3816 398 3880 δὲ
423 3823 540 3880 edne
562 3819 702 3894 μᾶλλον,
729 3811 755 3902 (δ
781 3813 866 3903 add.)
891 3816 991 3897 τρίτου
1016 3815 1061 3884 se}
1086 3817 1243 3896 προσώπου
1268 3818 1319 3882 real
1343 3819 1488 3896 σημοιΙνεο

299 3923 335 3989 rb
367 3921 524 3995 αὐτούς.
559 3942 639 3999 uuae
669 3942 753 3987 nunc
782 3921 931 3988 mendose
962 3924 1080 4008 scripta
1110 3928 1142 3989 et
1170 3923 1302 3989 disiecta
1332 3925 1366 3988 in
1397 3923 1490 3992 libris

300 4027 578 4095 circumferuntur.
626 4027 829 4094 Aristarchus
860 4028 956 4093 dixit:
988 4029 1023 4093 τδ
1055 4035 1172 4094 edne
1191 4031 1335 4106 σημαίνει
1356 4031 1391 4096 rt
1423 4035 1488 4098 οὐ·

300 4135 411 4221 σούς,
442 4155 504 4202 non
536 4133 637 4208 auo,
662 4135 746 4220 quod
771 4140 838 4200 erat
862 4135 996 4214 melius,
1020 4134 1157 4221 namque
1179 4140 1284 4202 utitur
1305 4137 1489 4222 aequalium

301 4247 333 4307 et
361 4241 564 4327 popularium
595 4240 726 4328 lingua,
760 4242 843 4326 apud
875 4262 955 4327 quos
975 4243 1017 4306 roi
1042 4241 1132 4308 δυϊκοὶ
1156 4264 1217 4309 non
1240 4249 1329 4309 erant
1351 4246 1385 4309 in
1408 4265 1487 4323 usn,

301 4353 334 4413 et
355 4349 484 4413 omnino
507 4347 709 4413 Aristarchus
731 4349 820 4412 omni
842 4349 999 4414 scribendi
1024 4347 1185 4436 elegantia
1205 4349 1377 4416 destitutus
1405 4349 1489 4416 nihil

300 4451 387 4520 aliud
412 4456 534 4538 quaerit
558 4475 654 4539 quam
676 4455 945 4540 perspicuitatem.
