<?xml version="1.0" encoding="UTF-8"?>
<!DOCTYPE html PUBLIC "-//W3C//DTD XHTML 1.0 Transitional//EN"
    "http://www.w3.org/TR/xhtml1/DTD/xhtml1-transitional.dtd">
<html xmlns="http://www.w3.org/1999/xhtml" xml:lang="en" lang="en">
 <head>
  <title>
</title>
<meta http-equiv="Content-Type" content="text/html;charset=utf-8" />
  <meta name='ocr-system' content='tesseract 3.04.00' />
  <meta name='ocr-capabilities' content='ocr_page ocr_carea ocr_par ocr_line ocrx_word'/>
</head>
<body>
  <div class='ocr_page' id='page_1' title='image "./miscellaneacrit00cobegoog/miscellaneacrit00cobegoog_0352.png"; bbox 0 0 3356 5086; ppageno 0'>
   <div class='ocr_carea' id='block_1_1' title="bbox 705 319 767 386">
    <p class='ocr_par' dir='ltr' id='par_1_1' title="bbox 705 319 767 386">
     <span class='ocr_line' id='line_1_1' title="bbox 705 319 767 386; baseline 0 0"><span class='ocrx_word' id='word_1_1' title='bbox 705 319 767 386; x_wconf 81' lang='lat'><strong><em>:331</em></strong></span> 
     </span>
    </p>
   </div>
   <div class='ocr_carea' id='block_1_2' title="bbox 143 505 1329 3258">
    <p class='ocr_par' dir='ltr' id='par_1_2' title="bbox 154 505 1329 806">
     <span class='ocr_line' id='line_1_2' title="bbox 197 505 1329 590; baseline 0.008 -18"><span class='ocrx_word' id='word_1_2' title='bbox 197 505 349 574; x_wconf 76' lang='lat' dir='ltr'><strong>Futurum</strong></span> <span class='ocrx_word' id='word_1_3' title='bbox 377 513 425 574; x_wconf 87' lang='lat' dir='ltr'><strong>est</strong></span> <span class='ocrx_word' id='word_1_4' title='bbox 455 529 493 576; x_wconf 83' lang='lat' dir='ltr'><strong><em>er</em></strong></span> <span class='ocrx_word' id='word_1_5' title='bbox 524 511 629 576; x_wconf 99' lang='grc' dir='ltr'><strong><em>κτείνω</em></strong></span> <span class='ocrx_word' id='word_1_6' title='bbox 658 515 690 577; x_wconf 89' lang='lat' dir='ltr'><strong><em>et</em></strong></span> <span class='ocrx_word' id='word_1_7' title='bbox 720 515 912 580; x_wconf 71' lang='lat' dir='ltr'><strong>nosceretis</strong></span> <span class='ocrx_word' id='word_1_8' title='bbox 937 517 1041 580; x_wconf 76' lang='grc' dir='ltr'><strong><em>κτθνοῖ</em></strong></span> <span class='ocrx_word' id='word_1_9' title='bbox 1066 513 1193 590; x_wconf 90' lang='grc' dir='ltr'><strong><em>κτενέω,</em></strong></span> <span class='ocrx_word' id='word_1_10' title='bbox 1217 518 1249 580; x_wconf 89' lang='lat' dir='ltr'><strong><em>et</em></strong></span> <span class='ocrx_word' id='word_1_11' title='bbox 1272 538 1329 581; x_wconf 71' lang='lat' dir='ltr'><strong>aa«</strong></span> 
     </span>
     <span class='ocr_line' id='line_1_3' title="bbox 154 613 1328 706; baseline 0.013 -32"><span class='ocrx_word' id='word_1_12' title='bbox 154 620 301 680; x_wconf 78' lang='grc' dir='ltr'><strong><em>τακτθνεῖ</em></strong></span> <span class='ocrx_word' id='word_1_13' title='bbox 326 613 543 695; x_wconf 85' lang='grc' dir='ltr'><strong><em>κατακτενέει,</em></strong></span> <span class='ocrx_word' id='word_1_14' title='bbox 575 636 655 701; x_wconf 88' lang='lat' dir='ltr'><strong>quae</strong></span> <span class='ocrx_word' id='word_1_15' title='bbox 685 617 805 686; x_wconf 80' lang='lat' dir='ltr'><strong>formes</strong></span> <span class='ocrx_word' id='word_1_16' title='bbox 831 622 952 706; x_wconf 83' lang='lat' dir='ltr'><strong>passim</strong></span> <span class='ocrx_word' id='word_1_17' title='bbox 973 621 1008 686; x_wconf 86' lang='lat' dir='ltr'><strong>in</strong></span> <span class='ocrx_word' id='word_1_18' title='bbox 1031 625 1166 706; x_wconf 89' lang='lat' dir='ltr'><strong>utroque</strong></span> <span class='ocrx_word' id='word_1_19' title='bbox 1188 625 1328 689; x_wconf 76' lang='lat' dir='ltr'><strong>carmine</strong></span> 
     </span>
     <span class='ocr_line' id='line_1_4' title="bbox 154 717 304 806; baseline 0.02 -23"><span class='ocrx_word' id='word_1_20' title='bbox 154 717 304 806; x_wconf 73' lang='lat' dir='ltr'><strong>leguntur.</strong></span> 
     </span>
    </p>

    <p class='ocr_par' dir='ltr' id='par_1_3' title="bbox 369 826 864 896">
     <span class='ocr_line' id='line_1_5' title="bbox 369 826 864 896; baseline 0.006 -4"><span class='ocrx_word' id='word_1_21' title='bbox 369 826 510 893; x_wconf 86' lang='grc' dir='ltr'><strong><em>τέλτοντο</em></strong></span> <span class='ocrx_word' id='word_1_22' title='bbox 524 863 565 877; x_wconf 87' lang='lat'><em>-</em></span> <span class='ocrx_word' id='word_1_23' title='bbox 579 826 718 894; x_wconf 75' lang='grc' dir='ltr'><strong><em>κτενέειν.</em></strong></span> <span class='ocrx_word' id='word_1_24' title='bbox 743 836 784 894; x_wconf 94' lang='lat' dir='ltr'><strong><em>N.</em></strong></span> <span class='ocrx_word' id='word_1_25' title='bbox 809 827 864 896; x_wconf 79' lang='grc'><strong><em>42.</em></strong></span> 
     </span>
    </p>

    <p class='ocr_par' dir='ltr' id='par_1_4' title="bbox 369 933 885 1001">
     <span class='ocr_line' id='line_1_6' title="bbox 369 933 885 1001; baseline 0.006 -3"><span class='ocrx_word' id='word_1_26' title='bbox 369 933 510 1000; x_wconf 83' lang='grc' dir='ltr'><strong><em>έτέλτετο</em></strong></span> <span class='ocrx_word' id='word_1_27' title='bbox 524 971 566 984; x_wconf 87' lang='lat'><strong><em>·-</em></strong></span> <span class='ocrx_word' id='word_1_28' title='bbox 579 933 718 1000; x_wconf 74' lang='grc' dir='ltr'><strong><em>κτενέειν.</em></strong></span> <span class='ocrx_word' id='word_1_29' title='bbox 745 945 784 1001; x_wconf 94' lang='grc' dir='ltr'><strong><em>Ο.</em></strong></span> <span class='ocrx_word' id='word_1_30' title='bbox 809 933 885 1001; x_wconf 76' lang='grc'><strong><em>702.</em></strong></span> 
     </span>
    </p>

    <p class='ocr_par' dir='ltr' id='par_1_5' title="bbox 369 1038 864 1108">
     <span class='ocr_line' id='line_1_7' title="bbox 369 1038 864 1108; baseline 0.002 -4"><span class='ocrx_word' id='word_1_31' title='bbox 369 1038 495 1106; x_wconf 84' lang='grc' dir='ltr'><strong><em>εέλτετο</em></strong></span> <span class='ocrx_word' id='word_1_32' title='bbox 509 1078 552 1091; x_wconf 89' lang='grc'>-</span> <span class='ocrx_word' id='word_1_33' title='bbox 565 1041 705 1108; x_wconf 90' lang='grc' dir='ltr'><strong><em>κτενέειν.</em></strong></span> <span class='ocrx_word' id='word_1_34' title='bbox 729 1051 762 1106; x_wconf 87' lang='lat' dir='ltr'><strong><em>P.</em></strong></span> <span class='ocrx_word' id='word_1_35' title='bbox 788 1039 864 1106; x_wconf 89' lang='grc'><strong>496.</strong></span> 
     </span>
    </p>

    <p class='ocr_par' dir='ltr' id='par_1_6' title="bbox 370 1145 727 1229">
     <span class='ocr_line' id='line_1_8' title="bbox 370 1145 727 1229; baseline 0.008 -18"><span class='ocrx_word' id='word_1_36' title='bbox 370 1155 471 1212; x_wconf 79' lang='grc' dir='ltr'><strong><em>κτενεῖ</em></strong></span> <span class='ocrx_word' id='word_1_37' title='bbox 490 1145 587 1229; x_wconf 73' lang='grc' dir='ltr'><strong><em>ἔγχεϊ</em></strong></span> <span class='ocrx_word' id='word_1_38' title='bbox 609 1157 648 1212; x_wconf 95' lang='lat' dir='ltr'><strong><em>O.</em></strong></span> <span class='ocrx_word' id='word_1_39' title='bbox 673 1145 727 1214; x_wconf 82' lang='lat'><strong><em>65.</em></strong></span> 
     </span>
    </p>

    <p class='ocr_par' dir='ltr' id='par_1_7' title="bbox 370 1250 767 1337">
     <span class='ocr_line' id='line_1_9' title="bbox 370 1250 767 1337; baseline 0.008 -18"><span class='ocrx_word' id='word_1_40' title='bbox 370 1262 472 1320; x_wconf 82' lang='grc' dir='ltr'><strong><em>κτενεῖ</em></strong></span> <span class='ocrx_word' id='word_1_41' title='bbox 488 1255 624 1337; x_wconf 83' lang='grc' dir='ltr'><strong><em>Ἕκτορα</em></strong></span> <span class='ocrx_word' id='word_1_42' title='bbox 649 1265 688 1321; x_wconf 94' lang='grc'><strong><em>0.</em></strong></span> <span class='ocrx_word' id='word_1_43' title='bbox 712 1250 767 1322; x_wconf 88' lang='grc'><strong><em>68.</em></strong></span> 
     </span>
    </p>

    <p class='ocr_par' dir='ltr' id='par_1_8' title="bbox 370 1359 849 1439">
     <span class='ocr_line' id='line_1_10' title="bbox 370 1359 849 1439; baseline 0.002 -14"><span class='ocrx_word' id='word_1_44' title='bbox 370 1362 403 1425; x_wconf 80' lang='grc' dir='ltr'><strong><em>οὐ</em></strong></span> <span class='ocrx_word' id='word_1_45' title='bbox 425 1361 483 1438; x_wconf 81' lang='grc' dir='ltr'><strong><em>μέν</em></strong></span> <span class='ocrx_word' id='word_1_46' title='bbox 504 1386 546 1439; x_wconf 84' lang='grc' dir='ltr'><strong><em>με</em></strong></span> <span class='ocrx_word' id='word_1_47' title='bbox 570 1360 710 1435; x_wconf 79' lang='grc' dir='ltr'><strong><em>κτενέεις.</em></strong></span> <span class='ocrx_word' id='word_1_48' title='bbox 735 1372 771 1426; x_wconf 89' lang='grc' dir='ltr'><strong><em>Χ.</em></strong></span> <span class='ocrx_word' id='word_1_49' title='bbox 798 1359 849 1427; x_wconf 89' lang='grc'><strong><em>13.</em></strong></span> 
     </span>
    </p>

    <p class='ocr_par' dir='ltr' id='par_1_9' title="bbox 371 1466 781 1548">
     <span class='ocr_line' id='line_1_11' title="bbox 371 1466 781 1548; baseline 0.007 -18"><span class='ocrx_word' id='word_1_50' title='bbox 371 1467 484 1534; x_wconf 87' lang='grc' dir='ltr'><strong><em>κτενέει</em></strong></span> <span class='ocrx_word' id='word_1_51' title='bbox 507 1469 542 1534; x_wconf 85' lang='grc' dir='ltr'><strong><em>τέ</em></strong></span> <span class='ocrx_word' id='word_1_52' title='bbox 565 1493 618 1548; x_wconf 84' lang='grc' dir='ltr'><strong><em>με.</em></strong></span> <span class='ocrx_word' id='word_1_53' title='bbox 642 1479 679 1534; x_wconf 87' lang='grc' dir='ltr'><strong><em>Χ.</em></strong></span> <span class='ocrx_word' id='word_1_54' title='bbox 705 1466 781 1533; x_wconf 82' lang='lat'>124.</span> 
     </span>
    </p>

    <p class='ocr_par' dir='ltr' id='par_1_10' title="bbox 367 1572 1035 1858">
     <span class='ocr_line' id='line_1_12' title="bbox 367 1572 977 1648; baseline 0.005 -11"><span class='ocrx_word' id='word_1_55' title='bbox 367 1572 434 1638; x_wconf 81' lang='grc' dir='ltr'><strong><em>οὔτ’</em></strong></span> <span class='ocrx_word' id='word_1_56' title='bbox 462 1575 554 1648; x_wconf 75' lang='grc' dir='ltr'><strong><em>αὐτὸς</em></strong></span> <span class='ocrx_word' id='word_1_57' title='bbox 578 1575 702 1642; x_wconf 81' lang='grc' dir='ltr'><strong><em>κτενέει.</em></strong></span> <span class='ocrx_word' id='word_1_58' title='bbox 728 1584 773 1640; x_wconf 88' lang='grc' dir='ltr'><strong><em>Ω.</em></strong></span> <span class='ocrx_word' id='word_1_59' title='bbox 801 1573 877 1641; x_wconf 84' lang='grc'><strong>156.</strong></span> <span class='ocrx_word' id='word_1_60' title='bbox 903 1573 977 1641; x_wconf 84' lang='grc'><strong>186.</strong></span> 
     </span>
     <span class='ocr_line' id='line_1_13' title="bbox 367 1677 1035 1759; baseline 0.006 -15"><span class='ocrx_word' id='word_1_61' title='bbox 367 1679 484 1745; x_wconf 81' lang='grc' dir='ltr'><strong><em>αὐτίκα</em></strong></span> <span class='ocrx_word' id='word_1_62' title='bbox 507 1677 535 1746; x_wconf 90' lang='grc' dir='ltr'><strong><em>δ’</em></strong></span> <span class='ocrx_word' id='word_1_63' title='bbox 560 1679 647 1759; x_wconf 83' lang='grc' dir='ltr'><strong><em>θμροε</em></strong></span> <span class='ocrx_word' id='word_1_64' title='bbox 669 1689 868 1748; x_wconf 83' lang='grc' dir='ltr'><strong><em>κατακτενεῖ.</em></strong></span> <span class='ocrx_word' id='word_1_65' title='bbox 893 1692 933 1748; x_wconf 78' lang='grc' dir='ltr'><strong><em>Ψ.</em></strong></span> <span class='ocrx_word' id='word_1_66' title='bbox 959 1679 1035 1748; x_wconf 81' lang='grc'><strong>412.</strong></span> 
     </span>
     <span class='ocr_line' id='line_1_14' title="bbox 368 1783 825 1858; baseline 0.004 -8"><span class='ocrx_word' id='word_1_67' title='bbox 368 1783 462 1858; x_wconf 78' lang='grc' dir='ltr'><strong><em>αὖτίς</em></strong></span> <span class='ocrx_word' id='word_1_68' title='bbox 485 1810 521 1851; x_wconf 91' lang='grc' dir='ltr'><strong><em>τε</em></strong></span> <span class='ocrx_word' id='word_1_69' title='bbox 542 1785 662 1852; x_wconf 86' lang='grc' dir='ltr'><strong><em>κτενέω.</em></strong></span> <span class='ocrx_word' id='word_1_70' title='bbox 687 1811 721 1852; x_wconf 92' lang='grc' dir='ltr'><strong><em>τ.</em></strong></span> <span class='ocrx_word' id='word_1_71' title='bbox 747 1786 825 1853; x_wconf 85' lang='grc'><strong><em>404.</em></strong></span> 
     </span>
    </p>

    <p class='ocr_par' dir='ltr' id='par_1_11' title="bbox 148 1889 1329 2292">
     <span class='ocr_line' id='line_1_15' title="bbox 190 1889 1329 1980; baseline 0.003 -26"><span class='ocrx_word' id='word_1_72' title='bbox 190 1889 278 1957; x_wconf 91' lang='lat' dir='ltr'><strong>Unde</strong></span> <span class='ocrx_word' id='word_1_73' title='bbox 308 1893 412 1980; x_wconf 80' lang='lat' dir='ltr'><strong>igitur</strong></span> <span class='ocrx_word' id='word_1_74' title='bbox 441 1895 473 1958; x_wconf 89' lang='lat' dir='ltr'><strong><em>et</em></strong></span> <span class='ocrx_word' id='word_1_75' title='bbox 502 1913 641 1976; x_wconf 87' lang='lat' dir='ltr'><strong>quonam</strong></span> <span class='ocrx_word' id='word_1_76' title='bbox 674 1899 766 1979; x_wconf 88' lang='lat' dir='ltr'><strong>pacto</strong></span> <span class='ocrx_word' id='word_1_77' title='bbox 796 1891 920 1960; x_wconf 83' lang='grc' dir='ltr'><strong><em>κτλνέω</em></strong></span> <span class='ocrx_word' id='word_1_78' title='bbox 943 1893 1151 1961; x_wconf 78' lang='grc' dir='ltr'><strong><em>κατακτλνέω</em></strong></span> <span class='ocrx_word' id='word_1_79' title='bbox 1175 1900 1208 1960; x_wconf 89' lang='lat' dir='ltr'><strong><em>et</em></strong></span> <span class='ocrx_word' id='word_1_80' title='bbox 1230 1917 1329 1959; x_wconf 86' lang='grc' dir='ltr'><strong><em>κατα-</em></strong></span> 
     </span>
     <span class='ocr_line' id='line_1_16' title="bbox 150 1995 1329 2085; baseline 0.005 -25"><span class='ocrx_word' id='word_1_81' title='bbox 150 1995 311 2062; x_wconf 81' lang='grc' dir='ltr'><strong><em>κτλνίεσθε</em></strong></span> <span class='ocrx_word' id='word_1_82' title='bbox 340 1999 428 2063; x_wconf 85' lang='lat' dir='ltr'><strong>nasci</strong></span> <span class='ocrx_word' id='word_1_83' title='bbox 461 1996 653 2085; x_wconf 75' lang='lat' dir='ltr'><strong>potuerunt?</strong></span> <span class='ocrx_word' id='word_1_84' title='bbox 699 2000 824 2085; x_wconf 87' lang='lat' dir='ltr'><strong>Nempe</strong></span> <span class='ocrx_word' id='word_1_85' title='bbox 858 1999 1043 2066; x_wconf 87' lang='lat' dir='ltr'><strong>eorumdem</strong></span> <span class='ocrx_word' id='word_1_86' title='bbox 1077 1999 1234 2076; x_wconf 89' lang='lat' dir='ltr'><strong>socordia,</strong></span> <span class='ocrx_word' id='word_1_87' title='bbox 1272 2002 1329 2085; x_wconf 90' lang='lat' dir='ltr'><strong>qui</strong></span> 
     </span>
     <span class='ocr_line' id='line_1_17' title="bbox 149 2099 1327 2184; baseline 0.003 -15"><span class='ocrx_word' id='word_1_88' title='bbox 149 2099 284 2182; x_wconf 76' lang='grc' dir='ltr'><strong><em>ιἰξλσθε,</em></strong></span> <span class='ocrx_word' id='word_1_89' title='bbox 316 2101 457 2184; x_wconf 57' lang='lat' dir='ltr'><strong>distare,</strong></span> <span class='ocrx_word' id='word_1_90' title='bbox 489 2105 651 2183; x_wconf 75' lang='grc' dir='ltr'><strong><em>ἕβησλτο,</em></strong></span> <span class='ocrx_word' id='word_1_91' title='bbox 676 2104 830 2183; x_wconf 79' lang='grc' dir='ltr'><strong><em>έδθσλτο,</em></strong></span> <span class='ocrx_word' id='word_1_92' title='bbox 856 2111 887 2172; x_wconf 90' lang='lat' dir='ltr'><strong><em>et</em></strong></span> <span class='ocrx_word' id='word_1_93' title='bbox 909 2105 1048 2172; x_wconf 85' lang='grc' dir='ltr'><strong><em>διίσΛντο</em></strong></span> <span class='ocrx_word' id='word_1_94' title='bbox 1071 2105 1243 2172; x_wconf 77' lang='lat' dir='ltr'><strong>scribentes</strong></span> <span class='ocrx_word' id='word_1_95' title='bbox 1265 2107 1327 2172; x_wconf 82' lang='grc' dir='ltr'><strong><em>οὐδ’</em></strong></span> 
     </span>
     <span class='ocr_line' id='line_1_18' title="bbox 148 2209 676 2292; baseline 0.011 -20"><span class='ocrx_word' id='word_1_96' title='bbox 148 2209 308 2292; x_wconf 73' lang='grc' dir='ltr'><strong><em>ἑλληνίζειν</em></strong></span> <span class='ocrx_word' id='word_1_97' title='bbox 330 2213 382 2276; x_wconf 80' lang='grc' dir='ltr'><strong><em>τὸν</em></strong></span> <span class='ocrx_word' id='word_1_98' title='bbox 406 2214 531 2286; x_wconf 76' lang='grc' dir='ltr'><strong><em>τοιητην</em></strong></span> <span class='ocrx_word' id='word_1_99' title='bbox 555 2211 676 2278; x_wconf 88' lang='grc' dir='ltr'><strong><em>είασαν.</em></strong></span> 
     </span>
    </p>

    <p class='ocr_par' dir='ltr' id='par_1_12' title="bbox 143 2315 1329 3039">
     <span class='ocr_line' id='line_1_19' title="bbox 187 2315 1326 2404; baseline 0.003 -24"><span class='ocrx_word' id='word_1_100' title='bbox 187 2315 284 2383; x_wconf 83' lang='lat' dir='ltr'><strong>Plane</strong></span> <span class='ocrx_word' id='word_1_101' title='bbox 304 2316 482 2404; x_wconf 78' lang='lat' dir='ltr'><strong>gemellum</strong></span> <span class='ocrx_word' id='word_1_102' title='bbox 501 2317 656 2384; x_wconf 88' lang='lat' dir='ltr'><strong>mendum</strong></span> <span class='ocrx_word' id='word_1_103' title='bbox 676 2318 799 2385; x_wconf 81' lang='lat' dir='ltr'><strong>obsidet</strong></span> <span class='ocrx_word' id='word_1_104' title='bbox 816 2317 914 2383; x_wconf 86' lang='lat' dir='ltr'><strong>libros</strong></span> <span class='ocrx_word' id='word_1_105' title='bbox 932 2315 1090 2383; x_wconf 82' lang='lat' dir='ltr'><strong>Herodoti</strong></span> <span class='ocrx_word' id='word_1_106' title='bbox 1106 2319 1140 2383; x_wconf 92' lang='lat' dir='ltr'><strong>in</strong></span> <span class='ocrx_word' id='word_1_107' title='bbox 1151 2316 1326 2400; x_wconf 79' lang='grc' dir='ltr'><strong><em>διαφθερέει.</em></strong></span> 
     </span>
     <span class='ocr_line' id='line_1_20' title="bbox 147 2421 1329 2509; baseline 0.003 -21"><span class='ocrx_word' id='word_1_108' title='bbox 147 2421 265 2509; x_wconf 82' lang='lat' dir='ltr'><strong>Optimi</strong></span> <span class='ocrx_word' id='word_1_109' title='bbox 305 2443 415 2490; x_wconf 89' lang='lat' dir='ltr'><strong>omnes</strong></span> <span class='ocrx_word' id='word_1_110' title='bbox 448 2430 575 2491; x_wconf 87' lang='lat' dir='ltr'><strong>servant</strong></span> <span class='ocrx_word' id='word_1_111' title='bbox 608 2423 665 2490; x_wconf 66' lang='lat' dir='ltr'><strong><em>ix„</em></strong></span> <span class='ocrx_word' id='word_1_112' title='bbox 703 2423 757 2490; x_wconf 84' lang='grc'><strong><em>42.</em></strong></span> <span class='ocrx_word' id='word_1_113' title='bbox 793 2423 1056 2505; x_wconf 82' lang='grc' dir='ltr'><strong><em>διαφθλρέονται,</em></strong></span> <span class='ocrx_word' id='word_1_114' title='bbox 1092 2428 1124 2490; x_wconf 82' lang='grc'><strong><em>61</em></strong></span> <span class='ocrx_word' id='word_1_115' title='bbox 1159 2424 1329 2492; x_wconf 82' lang='lat' dir='ltr'><strong>deteriores</strong></span> 
     </span>
     <span class='ocr_line' id='line_1_21' title="bbox 147 2528 1329 2616; baseline -0.001 -19"><span class='ocrx_word' id='word_1_116' title='bbox 147 2528 182 2597; x_wconf 78' lang='lat' dir='ltr'><strong><em>V.</em></strong></span> <span class='ocrx_word' id='word_1_117' title='bbox 204 2531 257 2597; x_wconf 83' lang='lat'><strong><em>51.</em></strong></span> <span class='ocrx_word' id='word_1_118' title='bbox 282 2530 466 2615; x_wconf 83' lang='grc' dir='ltr'><strong><em>διαφθλρέει</em></strong></span> <span class='ocrx_word' id='word_1_119' title='bbox 491 2555 527 2595; x_wconf 83' lang='grc' dir='ltr'><strong><em>σε</em></strong></span> <span class='ocrx_word' id='word_1_120' title='bbox 552 2531 565 2596; x_wconf 87' lang='grc' dir='ltr'><strong><em>θ</em></strong></span> <span class='ocrx_word' id='word_1_121' title='bbox 590 2528 693 2607; x_wconf 82' lang='grc' dir='ltr'><strong><em>ξεῖνος.</em></strong></span> <span class='ocrx_word' id='word_1_122' title='bbox 741 2530 880 2596; x_wconf 76' lang='lat' dir='ltr'><strong>Barbara</strong></span> <span class='ocrx_word' id='word_1_123' title='bbox 902 2530 980 2597; x_wconf 89' lang='lat' dir='ltr'><strong>heoc</strong></span> <span class='ocrx_word' id='word_1_124' title='bbox 1002 2531 1133 2616; x_wconf 88' lang='lat' dir='ltr'><strong>quidem</strong></span> <span class='ocrx_word' id='word_1_125' title='bbox 1157 2537 1246 2610; x_wconf 88' lang='lat' dir='ltr'><strong>sunt,</strong></span> <span class='ocrx_word' id='word_1_126' title='bbox 1273 2531 1329 2596; x_wconf 89' lang='lat' dir='ltr'><strong>sed</strong></span> 
     </span>
     <span class='ocr_line' id='line_1_22' title="bbox 144 2635 1328 2725; baseline 0 -21"><span class='ocrx_word' id='word_1_127' title='bbox 144 2637 284 2704; x_wconf 79' lang='lat' dir='ltr'><strong><em>librarios</em></strong></span> <span class='ocrx_word' id='word_1_128' title='bbox 320 2643 352 2703; x_wconf 90' lang='lat' dir='ltr'><strong><em>et</em></strong></span> <span class='ocrx_word' id='word_1_129' title='bbox 385 2635 557 2704; x_wconf 77' lang='lat' dir='ltr'><strong>Graeculos</strong></span> <span class='ocrx_word' id='word_1_130' title='bbox 590 2641 624 2702; x_wconf 92' lang='lat' dir='ltr'><strong>in</strong></span> <span class='ocrx_word' id='word_1_131' title='bbox 658 2637 803 2704; x_wconf 87' lang='lat' dir='ltr'><strong>fraudem</strong></span> <span class='ocrx_word' id='word_1_132' title='bbox 836 2637 918 2703; x_wconf 90' lang='lat' dir='ltr'><strong>hanc</strong></span> <span class='ocrx_word' id='word_1_133' title='bbox 949 2636 1143 2704; x_wconf 84' lang='lat' dir='ltr'><strong>induxerunt</strong></span> <span class='ocrx_word' id='word_1_134' title='bbox 1174 2642 1328 2725; x_wconf 80' lang='lat' dir='ltr'><strong>cognatae</strong></span> 
     </span>
     <span class='ocr_line' id='line_1_23' title="bbox 144 2743 1328 2829; baseline 0.001 -22"><span class='ocrx_word' id='word_1_135' title='bbox 144 2744 258 2810; x_wconf 81' lang='lat' dir='ltr'><strong>formae</strong></span> <span class='ocrx_word' id='word_1_136' title='bbox 290 2745 375 2829; x_wconf 87' lang='lat' dir='ltr'><strong>apud</strong></span> <span class='ocrx_word' id='word_1_137' title='bbox 393 2743 574 2810; x_wconf 88' lang='lat' dir='ltr'><strong>Homerum</strong></span> <span class='ocrx_word' id='word_1_138' title='bbox 597 2743 756 2829; x_wconf 85' lang='grc' dir='ltr'><strong><em>κατέκτα,</em></strong></span> <span class='ocrx_word' id='word_1_139' title='bbox 779 2744 986 2823; x_wconf 87' lang='grc' dir='ltr'><strong><em>κατέκτανον,</em></strong></span> <span class='ocrx_word' id='word_1_140' title='bbox 1010 2744 1219 2822; x_wconf 76' lang='grc' dir='ltr'><strong><em>κατέκταθεν,</em></strong></span> <span class='ocrx_word' id='word_1_141' title='bbox 1243 2743 1328 2828; x_wconf 87' lang='lat' dir='ltr'><strong>apud</strong></span> 
     </span>
     <span class='ocr_line' id='line_1_24' title="bbox 144 2849 1327 2939; baseline 0.001 -25"><span class='ocrx_word' id='word_1_142' title='bbox 144 2849 341 2917; x_wconf 87' lang='lat' dir='ltr'><strong>Herodotum</strong></span> <span class='ocrx_word' id='word_1_143' title='bbox 371 2851 553 2934; x_wconf 89' lang='grc' dir='ltr'><strong><em>διέφθαρται</em></strong></span> <span class='ocrx_word' id='word_1_144' title='bbox 581 2851 795 2935; x_wconf 81' lang='grc' dir='ltr'><strong><em>61διεφθοίρη.</em></strong></span> <span class='ocrx_word' id='word_1_145' title='bbox 842 2852 1015 2935; x_wconf 88' lang='grc' dir='ltr'><strong><em>Διαφθείρω</em></strong></span> <span class='ocrx_word' id='word_1_146' title='bbox 1040 2851 1125 2939; x_wconf 84' lang='lat' dir='ltr'><strong>apud</strong></span> <span class='ocrx_word' id='word_1_147' title='bbox 1146 2849 1327 2916; x_wconf 84' lang='lat' dir='ltr'><strong>Homerum</strong></span> 
     </span>
     <span class='ocr_line' id='line_1_25' title="bbox 143 2956 767 3039; baseline 0.005 -19"><span class='ocrx_word' id='word_1_148' title='bbox 143 2956 235 3023; x_wconf 89' lang='lat' dir='ltr'><strong>habet</strong></span> <span class='ocrx_word' id='word_1_149' title='bbox 256 2957 405 3022; x_wconf 88' lang='lat' dir='ltr'><strong>futurum</strong></span> <span class='ocrx_word' id='word_1_150' title='bbox 429 2957 599 3039; x_wconf 73' lang='grc' dir='ltr'><strong><em>διαφθέρσει</em></strong></span> <span class='ocrx_word' id='word_1_151' title='bbox 623 2967 664 3023; x_wconf 90' lang='lat' dir='ltr'><strong><em>N.</em></strong></span> <span class='ocrx_word' id='word_1_152' title='bbox 691 2957 767 3023; x_wconf 84' lang='lat'><strong><em>625.</em></strong></span> 
     </span>
    </p>

    <p class='ocr_par' dir='ltr' id='par_1_13' title="bbox 143 3058 1095 3258">
     <span class='ocr_line' id='line_1_26' title="bbox 367 3058 1095 3148; baseline 0.004 -21"><span class='ocrx_word' id='word_1_153' title='bbox 367 3058 398 3136; x_wconf 63' lang='lat' dir='ltr'><strong>is</strong></span> <span class='ocrx_word' id='word_1_154' title='bbox 421 3063 456 3128; x_wconf 87' lang='grc' dir='ltr'><strong><em>τέ</em></strong></span> <span class='ocrx_word' id='word_1_155' title='bbox 481 3063 549 3129; x_wconf 85' lang='grc' dir='ltr'><strong><em>τοτ’</em></strong></span> <span class='ocrx_word' id='word_1_156' title='bbox 574 3064 655 3146; x_wconf 73' lang='grc' dir='ltr'><strong><em>ὔμμι</em></strong></span> <span class='ocrx_word' id='word_1_157' title='bbox 679 3064 852 3148; x_wconf 82' lang='grc' dir='ltr'><strong><em>διαφθέρσει</em></strong></span> <span class='ocrx_word' id='word_1_158' title='bbox 877 3063 965 3129; x_wconf 89' lang='grc' dir='ltr'><strong><em>τθλιν</em></strong></span> <span class='ocrx_word' id='word_1_159' title='bbox 990 3064 1095 3140; x_wconf 83' lang='grc' dir='ltr'><strong><em>αίτιίν.</em></strong></span> 
     </span>
     <span class='ocr_line' id='line_1_27' title="bbox 143 3169 931 3258; baseline 0 -21"><span class='ocrx_word' id='word_1_160' title='bbox 143 3169 223 3237; x_wconf 86' lang='lat' dir='ltr'><strong>unde</strong></span> <span class='ocrx_word' id='word_1_161' title='bbox 244 3169 430 3258; x_wconf 77' lang='lat' dir='ltr'><strong>Hesychius</strong></span> <span class='ocrx_word' id='word_1_162' title='bbox 461 3172 733 3255; x_wconf 73' lang='grc' dir='ltr'><strong><em>Διαφθέρσειε</em></strong></span> <span class='ocrx_word' id='word_1_163' title='bbox 765 3172 931 3254; x_wconf 85' lang='grc' dir='ltr'><strong><em>διαφθερεῖ.</em></strong></span> 
     </span>
    </p>
   </div>
   <div class='ocr_carea' id='block_1_3' title="bbox 676 3411 795 3480">
    <p class='ocr_par' dir='ltr' id='par_1_14' title="bbox 676 3411 795 3480">
     <span class='ocr_line' id='line_1_28' title="bbox 676 3411 795 3480; baseline 0 -1"><span class='ocrx_word' id='word_1_164' title='bbox 676 3411 795 3480; x_wconf 82' lang='lat' dir='ltr'>XXVI.</span> 
     </span>
    </p>
   </div>
   <div class='ocr_carea' id='block_1_4' title="bbox 592 3605 878 3677">
    <p class='ocr_par' dir='ltr' id='par_1_15' title="bbox 592 3605 878 3677">
     <span class='ocr_line' id='line_1_29' title="bbox 592 3605 878 3677; baseline -0.01 -3"><span class='ocrx_word' id='word_1_165' title='bbox 592 3607 708 3677; x_wconf 83' lang='lat' dir='ltr'><strong>Ocrss.</strong></span> <span class='ocrx_word' id='word_1_166' title='bbox 733 3617 773 3676; x_wconf 88' lang='lat' dir='ltr'><strong><em>N.</em></strong></span> <span class='ocrx_word' id='word_1_167' title='bbox 799 3605 878 3673; x_wconf 82' lang='lat'><strong><em>213.</em></strong></span> 
     </span>
    </p>
   </div>
   <div class='ocr_carea' id='block_1_5' title="bbox 146 3798 1326 3976">
    <p class='ocr_par' dir='ltr' id='par_1_16' title="bbox 146 3798 1326 3976">
     <span class='ocr_line' id='line_1_30' title="bbox 185 3798 1326 3892; baseline -0.004 -23"><span class='ocrx_word' id='word_1_168' title='bbox 185 3803 327 3870; x_wconf 81' lang='lat' dir='ltr'><strong>Pessime</strong></span> <span class='ocrx_word' id='word_1_169' title='bbox 357 3804 519 3872; x_wconf 83' lang='lat' dir='ltr'><strong>mulcatus</strong></span> <span class='ocrx_word' id='word_1_170' title='bbox 548 3810 597 3872; x_wconf 85' lang='lat' dir='ltr'><strong>est</strong></span> <span class='ocrx_word' id='word_1_171' title='bbox 627 3803 786 3892; x_wconf 82' lang='lat' dir='ltr'><strong>Odysseae</strong></span> <span class='ocrx_word' id='word_1_172' title='bbox 808 3823 918 3870; x_wconf 84' lang='lat' dir='ltr'><strong>versus</strong></span> <span class='ocrx_word' id='word_1_173' title='bbox 941 3809 982 3867; x_wconf 92' lang='lat' dir='ltr'><strong><em>N.</em></strong></span> <span class='ocrx_word' id='word_1_174' title='bbox 1007 3800 1084 3868; x_wconf 78' lang='lat'><strong><em>213.</em></strong></span> <span class='ocrx_word' id='word_1_175' title='bbox 1109 3801 1166 3867; x_wconf 89' lang='lat' dir='ltr'><strong>ubi</strong></span> <span class='ocrx_word' id='word_1_176' title='bbox 1188 3798 1326 3866; x_wconf 83' lang='lat' dir='ltr'><strong>Beirker.</strong></span> 
     </span>
     <span class='ocr_line' id='line_1_31' title="bbox 146 3909 257 3976; baseline 0.018 -2"><span class='ocrx_word' id='word_1_177' title='bbox 146 3909 257 3976; x_wconf 84' lang='lat' dir='ltr'><strong>edidit:</strong></span> 
     </span>
    </p>
   </div>
   <div class='ocr_carea' id='block_1_6' title="bbox 145 4013 1330 4526">
    <p class='ocr_par' dir='ltr' id='par_1_17' title="bbox 145 4013 1330 4526">
     <span class='ocr_line' id='line_1_32' title="bbox 797 4013 1074 4097; baseline -0.014 -15"><span class='ocrx_word' id='word_1_178' title='bbox 797 4013 871 4092; x_wconf 79' lang='grc' dir='ltr'><strong><em>ἦτέ</em></strong></span> <span class='ocrx_word' id='word_1_179' title='bbox 895 4013 931 4093; x_wconf 84' lang='grc' dir='ltr'><strong><em>μ’</em></strong></span> <span class='ocrx_word' id='word_1_180' title='bbox 957 4013 1074 4097; x_wconf 89' lang='grc' dir='ltr'><strong><em>έφαντο</em></strong></span> 
     </span>
     <span class='ocr_line' id='line_1_33' title="bbox 345 4121 1084 4203; baseline -0.004 -16"><span class='ocrx_word' id='word_1_181' title='bbox 345 4121 431 4203; x_wconf 76' lang='grc' dir='ltr'><strong><em>ἄξειν</em></strong></span> <span class='ocrx_word' id='word_1_182' title='bbox 454 4125 496 4196; x_wconf 82' lang='grc' dir='ltr'><strong><em>είς</em></strong></span> <span class='ocrx_word' id='word_1_183' title='bbox 519 4124 639 4200; x_wconf 81' lang='grc' dir='ltr'><strong><em>Ἰθιίηην</em></strong></span> <span class='ocrx_word' id='word_1_184' title='bbox 662 4123 810 4190; x_wconf 82' lang='grc' dir='ltr'><strong><em>εὐδείελον</em></strong></span> <span class='ocrx_word' id='word_1_185' title='bbox 834 4123 898 4189; x_wconf 79' lang='grc' dir='ltr'><strong><em>οὐδὲ</em></strong></span> <span class='ocrx_word' id='word_1_186' title='bbox 921 4122 1084 4188; x_wconf 79' lang='grc' dir='ltr'><strong><em>τέλεσσαν.</em></strong></span> 
     </span>
     <span class='ocr_line' id='line_1_34' title="bbox 347 4230 886 4313; baseline -0.004 -17"><span class='ocrx_word' id='word_1_187' title='bbox 347 4233 423 4304; x_wconf 82' lang='grc' dir='ltr'><strong><em>Ζεὺς</em></strong></span> <span class='ocrx_word' id='word_1_188' title='bbox 447 4239 562 4313; x_wconf 79' lang='grc' dir='ltr'><strong><em>σφεῖας</em></strong></span> <span class='ocrx_word' id='word_1_189' title='bbox 586 4230 701 4296; x_wconf 85' lang='grc' dir='ltr'><strong><em>τίσαιθ’</em></strong></span> <span class='ocrx_word' id='word_1_190' title='bbox 726 4231 886 4305; x_wconf 72' lang='grc' dir='ltr'><strong><em>ἱκετήσιος.</em></strong></span> 
     </span>
     <span class='ocr_line' id='line_1_35' title="bbox 145 4329 1330 4416; baseline -0.003 -14"><span class='ocrx_word' id='word_1_191' title='bbox 145 4338 197 4402; x_wconf 88' lang='lat' dir='ltr'><strong>ubi</strong></span> <span class='ocrx_word' id='word_1_192' title='bbox 226 4336 421 4404; x_wconf 87' lang='lat' dir='ltr'><strong>Harleianue</strong></span> <span class='ocrx_word' id='word_1_193' title='bbox 448 4338 509 4403; x_wconf 90' lang='lat' dir='ltr'><strong><em>duo</em></strong></span> <span class='ocrx_word' id='word_1_194' title='bbox 533 4335 662 4404; x_wconf 82' lang='lat' dir='ltr'><strong>Scholia</strong></span> <span class='ocrx_word' id='word_1_195' title='bbox 683 4339 838 4404; x_wconf 86' lang='lat' dir='ltr'><strong>servavit:</strong></span> <span class='ocrx_word' id='word_1_196' title='bbox 863 4335 1018 4406; x_wconf 82' lang='grc' dir='ltr'><strong><em>οῖτθλυτος</em></strong></span> <span class='ocrx_word' id='word_1_197' title='bbox 1042 4337 1058 4411; x_wconf 75' lang='lat' dir='ltr'><strong>d</strong></span> <span class='ocrx_word' id='word_1_198' title='bbox 1085 4339 1200 4416; x_wconf 81' lang='grc' dir='ltr'><strong><em>σφεας.</em></strong></span> <span class='ocrx_word' id='word_1_199' title='bbox 1224 4329 1258 4396; x_wconf 94' lang='lat' dir='ltr'><strong>id</strong></span> <span class='ocrx_word' id='word_1_200' title='bbox 1283 4340 1330 4399; x_wconf 88' lang='lat' dir='ltr'><strong>est</strong></span> 
     </span>
     <span class='ocr_line' id='line_1_36' title="bbox 146 4435 1329 4526; baseline -0.002 -18"><span class='ocrx_word' id='word_1_201' title='bbox 146 4450 265 4526; x_wconf 70' lang='grc' dir='ltr'><strong><em>,σφεας</em></strong></span> <span class='ocrx_word' id='word_1_202' title='bbox 297 4444 465 4509; x_wconf 76' lang='grc' dir='ltr'><strong><em>σιιοίίθίοαιιι</em></strong></span> <span class='ocrx_word' id='word_1_203' title='bbox 495 4441 554 4509; x_wconf 73' lang='grc' dir='ltr'><strong><em>καθ’</em></strong></span> <span class='ocrx_word' id='word_1_204' title='bbox 587 4448 620 4509; x_wconf 90' lang='lat' dir='ltr'><strong><em>et</em></strong></span> <span class='ocrx_word' id='word_1_205' title='bbox 648 4443 808 4519; x_wconf 79' lang='grc' dir='ltr'><strong><em>Ζηνόδοτος</em></strong></span> <span class='ocrx_word' id='word_1_206' title='bbox 833 4445 990 4511; x_wconf 91' lang='grc' dir='ltr'><strong><em>τίσασθαι.</em></strong></span> <span class='ocrx_word' id='word_1_207' title='bbox 1038 4439 1124 4508; x_wconf 86' lang='lat' dir='ltr'><strong>Hinc</strong></span> <span class='ocrx_word' id='word_1_208' title='bbox 1146 4435 1329 4506; x_wconf 67' lang='lat' dir='ltr'><strong>Dindorfiuss</strong></span> 
     </span>
    </p>
   </div>
   <div class='ocr_carea' id='block_1_7' title="bbox 0 0 1682 5086">
    <p class='ocr_par' dir='ltr' id='par_1_18' title="bbox 0 0 1682 5086">
     <span class='ocr_line' id='line_1_37' title="bbox 0 0 1682 5086; baseline 0 0"><span class='ocrx_word' id='word_1_209' title='bbox 0 0 1682 5086; x_wconf 95' lang='lat' dir='ltr'><strong><em> </em></strong></span> 
     </span>
    </p>
   </div>
  </div>
 </body>
</html>
