3348 5086
876 359 942 428 410

315 552 435 619 edidit:
468 551 539 632 τρὸς
566 551 610 617 τόι
633 551 700 633 περὶ
725 557 784 617 τῶν
808 551 954 632 Σειρήνων
978 549 1174 640 ,,(Σειρήνων)
1198 547 1328 617 straden
1352 549 1425 632 (od.
1451 547 1509 615 23.

317 657 427 746 326.)‚
456 657 616 740 Σειρήνοιῖν
639 656 712 742 (Od.
739 657 792 724 12.
818 654 898 742 52).
934 655 995 723 sed
1018 659 1159 725 nondum
1179 659 1224 724 sic
1245 657 1306 724 loci
1326 656 1510 724 emendatio

315 765 454 850 perfecta
484 770 541 830 est.
587 765 790 831 Aristarchus
822 765 1050 831 animadvertit
1085 787 1125 832 ex
1160 765 1307 831 ducllum
1336 785 1398 830 usu
1431 765 1512 828 duae

317 875 451 958 apodta
473 871 583 936 induci
606 869 733 936 Sirenas
757 869 815 936 Od.
842 868 896 936 12.
921 869 975 936 52.

496 975 578 1060 όΦροο
602 1001 636 1042 κε
659 976 842 1058 τερπόμενος
867 975 931 1043 τότ’
954 975 1066 1058 οῖκούρις
1091 977 1262 1060 Σειρήννιῖν.

319 1087 351 1149 et
373 1104 421 1152 vs.
447 1079 524 1167 166.

500 1189 618 1268 ἐξίκετο
642 1194 712 1266 νηῦς
737 1190 864 1272 εὐεργής
888 1198 991 1267 Νῆσον
1015 1191 1188 1270 Σειρήνοιῖν.

319 1302 352 1362 et
374 1298 462 1383 ipsae
485 1295 612 1364 Sirenes
633 1317 681 1364 vs.
708 1296 785 1363 185.

502 1412 561 1479 νήνι
584 1403 762 1480 ιιοοτοόςήσον
785 1401 835 1469 lua
859 1400 1046 1483 νωΐτέρήν
1071 1401 1134 1468 τότ’
1158 1400 1305 1485 οῖκούσρς.

319 1509 377 1574 ubi
399 1513 569 1576 annotatur
591 1511 631 1576 ad
653 1531 701 1577 vs.
727 1509 781 1576 52.
806 1511 1055 1592 Σειρήνοιῖνε
1080 1507 1126 1576 ότι
1150 1508 1202 1575 ado
1226 1508 1295 1574 καῖ’
1319 1509 1458 1588 Ὀμιςρον
1477 1507 1514 1570 οῖ

322 1623 479 1695 Σειρῆνες,
505 1617 538 1681 οὐ
562 1625 653 1696 τρεῖς.
678 1622 710 1682 ct
733 1617 772 1683 ad
796 1637 843 1683 vs.
872 1615 947 1682 185.
975 1616 1177 1697 νωῖτέρήνε
1202 1615 1253 1681 δύο
1272 1617 1436 1698 Φοιῖνοντοοι
1458 1613 1514 1678 xc>

321 1723 466 1787 ἐντεῦθεν.
512 1723 714 1789 Aristarchus
736 1727 838 1811 igitur
860 1725 985 1790 notavit
1006 1723 1091 1789 locos
1115 1723 1286 1808 quosdam,
1310 1722 1393 1788 unde
1418 1740 1515 1805 appa-

321 1834 404 1894 reret
435 1865 454 1877 -
468 1831 520 1894 οιῖν
551 1851 618 1895 esse
647 1830 751 1896 dualis
781 1832 924 1908 numeri,
958 1851 1097 1915 namque
1118 1832 1152 1894 in
1176 1833 1253 1895 artis
1275 1830 1411 1895 infantia
1432 1846 1516 1912 quae

321 1955 404 1999 nunc
434 1938 526 2020 pueri
556 1937 660 2001 sciunt
691 1935 863 2024 diligenter
893 1941 982 2001 erant
1013 1935 1266 2001 demonstranda.
1313 1936 1385 2001 Non
1407 1933 1518 2019 potuit

321 2041 425 2128 igitur
455 2041 563 2108 afferro
591 2044 736 2124 Σειρήνων
761 2041 890 2108 οῖδινοίων
912 2063 1014 2128 nequa
1037 2042 1225 2108 θεσπεσιάων
1249 2041 1321 2127 (Od.
1346 2064 1382 2118 μ.
1410 2037 1515 2122 loa),

322 2147 397 2230 quia
431 2146 509 2212 haec
540 2148 623 2212 nihil
658 2149 698 2213 ad
719 2169 824 2244 ‘suam
855 2168 923 2213 rem
956 2148 1124 2236 faciebant.
1171 2147 1338 2214 Praeterea
1369 2145 1519 2226 Σειρήνων

322 2250 452 2317 sarusar
478 2257 509 2318 et
533 2253 570 2318 de
594 2255 709 2318 όνοόιοο
731 2257 838 2340 inepte
862 2255 978 2320 dicitnr
1001 2259 1032 2320 ct
1051 2254 1173 2342 legitur
1192 2257 1226 2319 in
1247 2275 1284 2320 aa
1303 2258 1394 2340 parte
1414 2251 1518 2338 Odys·

322 2378 410 2433 scae,
431 2379 528 2443 quam
547 2360 750 2425 Aristarchus
768 2362 942 2448 genuinam
962 2381 1028 2426 csso
1047 2361 1194 2447 negabat.
1225 2359 1386 2445 Quidquid
1406 2363 1516 2424 autem

323 2463 433 2529 mendi
456 2465 490 2528 in
513 2465 636 2532 Scholia
658 2465 754 2541 latet,
777 2487 827 2532 res
850 2469 920 2552 ipsa
943 2465 1027 2532 clara
1050 2471 1082 2532 et
1104 2469 1272 2553 perspicua
1293 2473 1351 2532 est.

369 2569 472 2636 Miror
494 2573 716 2638 Aristarchum
739 2572 778 2638 ad
802 2583 843 2638 A.
871 2571 945 2638 104.
969 2574 1027 2639 ubi
1051 2573 1248 2637 demonstrat
1271 2567 1317 2638 ότι
1341 2571 1409 2653 τερῖ
1435 2569 1519 2638 δυεῖν

323 2676 338 2741 ό
362 2674 473 2761 λόγος,
496 2698 559 2743 non
583 2678 741 2744 addidisse
765 2683 992 2767 argumentum
1018 2699 1058 2744 ex
1081 2700 1129 2746 vs.
1156 2676 1231 2744 110.

462 2784 671 2865 σπερχόμενος
695 2783 721 2850 δ’
743 2785 805 2850 act
830 2793 956 2851 TOIIN
980 2784 1079 2850 ἕσύλοο
1102 2785 1225 2866 τεύχεσι
1250 2784 1345 2850 acad.

365 2888 454 2955 Duas
484 2895 611 2956 tantum
642 2911 709 2957 osse
741 2889 866 2972 Sueuos
893 2883 946 2959 v'el
967 2913 1069 2957 unum
1092 2912 1264 2977 pronomen
1288 2889 1426 2972 νωῖτέριςν
1450 2890 1517 2956 τότ’

320 2994 432 3076 οῖκούρος
456 2997 533 3061 satis
556 2995 761 3063 demonstrat.
808 2998 994 3083 Numquam
1017 3001 1052 3063 in
1073 2998 1124 3063 his
1140 2997 1210 3063 ulla
1229 2997 1313 3083 apud
1333 2996 1517 3063 Homerum

323 3099 482 3168 dubitatio
505 3107 562 3168 est.
609 3101 721 3188 Itaque
744 3106 780 3169 in
803 3102 862 3170 Od.
887 3115 928 3171 N.
953 3103 1030 3170 320.

504 3210 581 3275 ἀλλ’
605 3209 666 3274 aial
689 3209 780 3292 Φρεσῖ
804 3220 884 3293 εήσιν
909 3207 990 3292 ἔχων
1013 3209 1213 3290 δεδαϊγμένον
1237 3207 1305 3291 ήτορ

505 3314 639 3393 ήλόμήν.

325 3421 474 3487 continuo
513 3421 599 3488 fraus
633 3421 782 3509 perpluit.
840 3422 1002 3511 Didymus
1037 3445 1076 3490 ex
1110 3423 1310 3490 Aristarcho:
1346 3423 1518 3489 νοθεύονται

325 3527 472 3610 τόσσοιρες
496 3528 591 3611 τόχοι.
616 3529 629 3593 ό
653 3529 709 3606 μὲν
730 3535 844 3610 πρῶτος
865 3525 910 3595 ότι
930 3530 999 3596 atur)
1020 3535 1072 3595 τοῦ
1098 3531 1243 3609 ἐμῇσιν
1267 3529 1336 3610 ἔχει
1353 3529 1388 3594 τό
1411 3527 1517 3612 ήσιν,

325 3628 398 3712 ότερ
424 3633 468 3702 ε’ςὶ
492 3633 593 3715 τρότον
617 3635 774 3716 τροσότον
799 3641 955 3717 τηροῦντος
980 3636 1029 3702 aa>
1053 3641 1107 3701 τοῦ
1129 3640 1252 3709 τοιήτοῦ
1273 3638 1328 3712 τήν
1348 3635 1378 3699 ἐν
1398 3635 1519 3710 τούτοις

324 3737 485 3823 διαφορήν.
531 3739 719 3826 Apollonius
742 3743 778 3807 de
801 3743 979 3807 Ριοοιοιιιόοο
1004 3763 1077 3830 pag.
1105 3741 1181 3808 139.
1208 3761 1238 3808 11.
1262 3741 1297 3806 τό
1321 3739 1424 3820 μέντοι

664 3846 741 3912 ἀλλ’
767 3848 826 3913 alal
852 3849 959 3931 Φρεσόν
979 3845 1045 3932 ήσιν
1068 3847 1159 3928 ἔχων.

324 3957 393 4023 οὶντὶ
424 3959 478 4021 τοῦ
511 3953 632 4032 ἐμοῖς
663 3951 799 4032 εὐλόγως
831 3955 882 4020 ὑπ’
914 3953 1101 4036 Ἀριςοόρχον
1134 3953 1331 4021 ὑτωττεόετο
1355 3957 1394 4028 ὥς
1419 3955 1520 4040 νόόον,

326 4063 399 4130 cast
423 4064 727 4127 'AAIAssTssTOC
751 4062 781 4125 ἐν
804 4062 1010 4139 οῖντωννμόοοις
1036 4060 1063 4146 (ό
1088 4061 1240 4148 τοιήτής).

371 4167 491 4236 Sumus
513 4163 618 4232 hercle
643 4186 752 4232 omnes
775 4166 921 4233 homines
944 4165 1133 4233 οῖδιόττωτοι
1155 4167 1186 4234 ε’ν
1205 4175 1277 4239 τοοῖς
1297 4169 1520 4247 όντωννμῖοιις,

326 4296 401 4342 nam
432 4277 503 4362 quis
529 4272 717 4339 mortalium
741 4297 835 4352 ωεοω,
870 4285 957 4352 tuus,
991 4297 1077 4353 οιιιω,
1104 4279 1221 4352 νοοῖτο,
1247 4282 1340 4339 νοοῖτο
1361 4294 1520 4361 umquam

281 4369 284 4375 ¹
326 4378 513 4449 confundat?
555 4379 618 4446 Sed
648 4379 805 4446 faciebant
834 4381 893 4447 hoc
923 4386 1075 4468 perpetuo
1104 4381 1256 4467 pottastri
1289 4381 1516 4459 Alexandrini,

325 4490 381 4575 qui
403 4488 486 4554 nihil
508 4488 542 4552 in
565 4487 618 4552 his
641 4485 830 4552 sentiebant.
877 4487 986 4554 Unum
1011 4509 1050 4554 ex
1072 4488 1242 4575 Apollonio
1263 4485 1389 4553 Rhodio
1412 4507 1520 4554 exam·
