3304 5090
890 365 956 434 218

768 563 1073 626 ΠΛΗΜΜΎΡΕῙΝ.

376 747 447 815 Une
465 752 593 816 tentum
612 749 716 816 formu
735 748 857 818 Graece
875 757 923 818 est
942 751 1154 834 πλημμύραν,
1177 753 1385 834 senopem,
1411 771 1526 836 πλημ·

330 853 486 935 octono.
522 853 673 922 Graeculi
691 857 826 924 ultorem
843 861 924 924 vitio
942 865 1052 926 netum
1071 859 1110 925 de
1131 879 1188 926 suo
1207 860 1397 928 addiderunt
1413 878 1527 940 πληοο-

329 967 438 1043 popei,
463 971 679 1043 πλημμυοεῑν,
705 971 917 1043 πλημμυρῶν,
942 965 1047 1032 veluti
1071 987 1145 1055 pag.
1172 965 1249 1034 742.
1276 968 1334 1034 ubi
1356 973 1389 1034 et
1410 985 1527 1047 πλημ-

330 1067 416 1149 μύροι
439 1073 472 1134 ot
494 1077 691 1151 πλημμυρεῖν
714 1068 849 1158 legitur,
874 1075 906 1138 et
928 1074 974 1138 sio
995 1075 1122 1159 saepius
1145 1072 1233 1140 olibi.
1270 1072 1305 1140 Si
1323 1083 1528 1155 πλημμυοοΐν

331 1178 413 1250 esset
434 1176 469 1240 in
491 1195 553 1240 usu
575 1175 707 1244 heberet
730 1182 964 1263 coemptum,
985 1182 1076 1246 utin
1095 1181 1321 1261 μαρτύρεσθαι,
1346 1189 1526 1261 μαρτυρεῖν.

330 1278 425 1348 Nunc
458 1286 580 1348 constet
613 1283 733 1369 ubique
767 1303 833 1350 osse
868 1285 1069 1371 productum.
1105 1285 1203 1354 Recte
1237 1288 1340 1374 igitur
1371 1289 1528 1354 scribitur

331 1388 567 1470 πλημμύρονοοο
591 1410 666 1478 pag.
692 1389 770 1458 743.
792 1390 848 1457 sed
870 1394 989 1478 possim
1011 1398 1161 1480 peccetur
1182 1391 1269 1460 olibi.
1336 1455 1342 1466 .

814 1609 1038 1668 ΔΗΜΗΤΡΔ.

378 1781 483 1865 Quem
514 1803 606 1871 seepe
637 1779 721 1870 cpnd
752 1780 939 1852 Strabonem
970 1787 1003 1852 et
1030 1779 1109 1853 elios
1137 1786 1294 1872 reperitur
1324 1789 1527 1854 accusativus

333 1892 504 1972 Δημήτριον
533 1890 651 1957 ultime
679 1889 777 1980 longe
805 1892 946 1959 borbore.
994 1893 1079 1960 Feex
1102 1889 1333 1960 Graeculorum
1356 1894 1484 1960 dicebat
1508 1894 1526 1968 η

333 1999 507 2078 Δημήτροο,
540 2001 579 2062 ut
609 1997 626 2073 ἡ
658 2006 751 2080 χοῖροι
779 1998 964 2084 similiaque
990 1998 1166 2084 complure.
1213 1997 1348 2066 Homeri
1369 1998 1527 2087 Hymnus

332 2103 488 2190 hodieque
512 2103 698 2169 inscribitur
721 2105 763 2177 ele
784 2105 953 2184 Δημήτριον
973 2103 1025 2172 vel
1042 2108 1134 2191 peius
1153 2109 1251 2172 etiam
1271 2107 1314 2181 εἰς
1337 2109 1526 2188 Δήμητραν,

333 2210 418 2295 quod
440 2210 561 2278 nullius
584 2209 715 2299 linguae
738 2216 795 2276 est.
843 2211 977 2277 Formae
1000 2213 1162 2294 Δήμητρος
1183 2219 1215 2279 et
1235 2213 1375 2295 Δήμητρι
1395 2211 1527 2280 illaesae

333 2322 483 2397 monent,
507 2317 563 2384 sed
584 2319 620 2382 in
642 2319 823 2385 accusativo
846 2319 965 2405 possim
988 2320 1034 2385 sic
1056 2323 1214 2405 peccetur.

630 2526 807 2598 Ξενοδοκεῖν.
833 2526 1014 2605 ποινδοκεύς.
1038 2528 1224 2597 πανδοκεῖον.

378 2707 451 2779 Non
481 2709 526 2777 sie
556 2705 640 2798 apud
673 2707 860 2778 Strabonem
891 2706 1012 2798 editur,
1048 2729 1242 2799 quemquem
1265 2709 1333 2796 {hoe
1355 2707 1440 2778 soleo
1464 2711 1527 2780 ior·

332 2835 405 2883 moe
427 2817 543 2904 probos
566 2824 658 2903 sunt,
682 2816 737 2884 sed
760 2816 931 2899 ξενοδοχεῖν
954 2823 987 2886 et
1005 2819 1199 2898 πανδοχεῖον.
1235 2817 1363 2886 Veteres
1380 2824 1420 2885 ut
1439 2817 1525 2900 topo-

331 2922 427 2988 δοκεῖν
450 2925 496 2990 oie
520 2930 698 2991 constanter
720 2923 882 3001 ξεινοδόκος
906 2930 939 2991 et
957 2923 1120 3003 ξενοδοκεῖν
1140 2925 1306 3002 dicebant,
1327 2925 1382 2991 sed
1399 2925 1525 3011 sequio-

330 3051 404 3096 rum
427 3032 567 3107 ουνιὶθειοι
590 3033 688 3099 etiem
712 3032 796 3119 apud
815 3034 939 3099 Atticos
958 3051 1049 3118 saepe
1067 3047 1179 3099 rerem
1197 3030 1366 3098 lectionem
1385 3030 1523 3116 expulit.

687 3239 826 3309 Nomine
848 3237 979 3309 urbium
1001 3237 1162 3309 mendose.

378 3426 460 3492 Sunt
496 3427 651 3514 quaedem
691 3424 880 3512 oppidorum
913 3427 1058 3510 nomine,
1090 3444 1173 3511 quoe
1206 3423 1326 3510 ubique
1360 3425 1395 3489 in
1429 3423 1524 3490 libris

332 3537 449 3600 nostris
477 3539 562 3600 certo
591 3553 693 3598 errore
722 3534 886 3599 vitientur.
933 3532 1107 3612 Καλχηδών
1137 3551 1250 3598 verum
1278 3549 1394 3597 nomen
1417 3535 1523 3596 estet

333 3640 564 3722 Καλχηδόνιος,
586 3643 748 3714 Μυτιλήνη
768 3645 801 3703 et
817 3646 1046 3717 Μυτιληναῖος,
1067 3641 1210 3718 Ἑρμιών,
1231 3635 1357 3717 riorus,
1376 3639 1412 3702 in
1429 3636 1523 3702 libris

333 3752 461 3816 tentum
502 3767 565 3813 non
608 3751 785 3812 constanter
826 3745 993 3818 >totostoto
1027 3749 1187 3830 comperet
1223 3749 1255 3809 et
1290 3743 1452 3818 Μιτυλήνη
1488 3748 1522 3808 et

332 3854 473 3935 Ἐρμιόνη
497 3860 529 3918 et
552 3852 696 3933 Γδοτυνοι.
725 3851 926 3931 Συρακούσιος
949 3855 1077 3916 tuntum
1099 3871 1163 3916 non
1185 3849 1305 3935 ubique
1327 3850 1413 3936 opud
1435 3849 1522 3914 Stre-

332 3959 448 4028 bonem
478 3959 628 4026 mendose
661 3958 812 4025 scribitur
840 3977 897 4043 pro
928 3955 1121 4036 Συρακόσιος.
1169 3954 1206 4022 ln
1236 3955 1308 4022 eliis
1335 3979 1357 4019 οι
1386 3956 1521 4043 longum

332 4072 450 4142 scribes
473 4073 505 4135 et
527 4065 663 4132 editores
685 4061 810 4131 fefollit.
856 4063 928 4130 Non
947 4066 1078 4142 Ἴλοιο,
1101 4083 1163 4128 non
1190 4061 1336 4128 Μάλοκο
1359 4059 1519 4129 Graccum

332 4188 393 4258 est,
419 4177 475 4245 sed
497 4177 624 4250 Ἰλοοιοο,
650 4171 815 4249 Μοολοὶοιοο,
835 4176 873 4235 ut
890 4169 1060 4236 ostendunt
1082 4169 1220 4256 genitivi
1244 4168 1426 4243 Μολοὶκοος,
1450 4169 1521 4234 ’ut-

334 4309 418 4364 ποοο,
443 4283 566 4359 uitas,
595 4277 769 4356 Ἰδουβὲδοοο
794 4283 869 4342 cett.

195 4377 198 4384 ¹
324 4433 329 4442 =
379 4391 416 4459 In
446 4390 519 4457 eliis
548 4392 657 4456 conus
687 4407 710 4449 ιι
738 4385 833 4450 breve
860 4382 1049 4470 producitur
1077 4387 1115 4447 nt
1137 4382 1172 4447 in
1195 4381 1355 4463 Κάρθοιοο,
1380 4379 1521 4458 Niceros,

333 4501 453 4578 Νέκυιο
477 4501 510 4563 ot
532 4497 623 4574 sim.,
648 4511 728 4579 quee
751 4493 785 4555 in
808 4489 1010 4556 Editionibus
1033 4489 1261 4572 οιιροξύνονουι.
