3308 5090
779 447 785 460 ,
864 357 928 422 134

301 546 424 615 ἐπιέναι
449 543 654 627 προσέταξαν.
702 545 876 612 Kramerus
899 545 1064 612 bonafide
1095 545 1230 612 credidit
1251 551 1338 612 recte
1359 545 1493 612 habere:

301 655 444 722 Εἱλώτων
468 654 545 725 τινὲς
559 651 807 730 ἐξαγγείλαντες
825 655 850 718 οἱ
865 652 1099 731 Λακεδαιμόνιοι
1114 651 1261 732 ἔγνωσαν.
1286 651 1495 738 appellatur,

302 761 414 838 credo,
446 759 644 824 nominativus
674 759 837 836 οὐιοίανιιε,
868 764 900 824 et
934 759 1079 844 exempla
1106 759 1262 844 quaedam
1292 759 1498 843 proferuntur

303 888 341 934 ex
371 866 449 933 locis
479 869 613 932 vitiosis.
660 863 778 930 Nullus
808 867 964 950 supererit
993 885 1128 949 usquam
1158 865 1363 931 soloecismus
1385 868 1414 930 ei
1436 863 1497 930 fflo

303 974 528 1059 probabuntur.
575 969 780 1055 Recipiamue
804 973 906 1058 igitur
928 980 1031 1034 τινος
1056 970 1338 1048 έξαγγείλαντοῦ.

346 1077 425 1159 Quia
447 1077 578 1165 negabit
602 1083 657 1141 aut
676 1079 747 1162 quie
766 1080 866 1142 nescit
891 1079 1157 1142 constructionem
1178 1079 1346 1142 verborum
1368 1078 1495 1160 saepius

300 1186 420 1250 mutari
438 1187 472 1248 in
495 1182 623 1270 longius
645 1189 804 1268 protracta
828 1186 968 1248 oratione
991 1188 1048 1248 aut
1075 1180 1276 1248 artificiosius
1299 1186 1495 1268 composita,

300 1289 426 1355 utalia
454 1289 556 1354 forma
590 1292 728 1373 coeperit
759 1291 887 1354 institui
919 1295 951 1354 et
984 1295 1128 1356 currente
1151 1288 1274 1354 omnmo
1299 1289 1362 1356 alia
1385 1293 1496 1371 exeat,

301 1395 353 1460 sed
385 1401 443 1458 τῶν
475 1397 617 1460 Εἱλώτων
648 1397 725 1467 τινὲς
758 1393 1005 1474 ἐξαγγείλαντες
1037 1397 1063 1461 οἱ
1094 1396 1330 1472 Λακεδαιμόνιοι
1355 1393 1495 1472 ἔγνωσαν

301 1501 403 1566 dicere
427 1501 599 1566 abeundum
624 1507 681 1565 eet.

348 1605 439 1687 Quod
472 1613 601 1671 annotat
631 1605 780 1672 Meineke
812 1628 887 1672 cum
921 1607 1047 1694 Ephoro
1085 1609 1259 1676 consentire
1292 1605 1494 1692 Polyaenum

302 1715 427 1796 Straton.
460 1713 500 1777 Π.
528 1713 577 1776 14.
610 1713 668 1778 ubi
697 1725 761 1778 eet:
788 1751 829 1761 -
855 1713 1049 1792 προσέταξαν
1081 1717 1122 1796 τῷ
1154 1717 1257 1793 κηρυκι
1286 1716 1495 1790 ἀναγορεῦσαι

305 1822 351 1898 „ci
375 1822 426 1884 τὸν
451 1827 538 1884 πῖλον
570 1819 662 1897 αἴρειν
685 1819 852 1896 μέλλοντες
869 1821 910 1883 ’ἐκ
935 1829 990 1894 τῆς
1014 1823 1132 1898 ἀγορᾶς
1157 1817 1280 1884 cirtica!¹
1303 1839 1365 1882 non
1389 1817 1494 1884 estid

302 1926 407 1992 hercle
430 1925 630 2004 mirandum,
661 1947 736 1992 nam
768 1923 949 2012 Polyaenus
971 1947 1029 1992 aua
1052 1947 1090 1992 ex
1119 1925 1245 2012 Ephoro
1278 1922 1414 1992 fideliter
1437 1923 1493 1988 de-

302 2035 476 2118 scripserat

348 2243 419 2334 Peg
454 2243 529 2309 280.
561 2245 587 2308 οἱ
612 2245 643 2308 δὲ
674 2243 822 2316 ςαλέντες
847 2243 1088 2322 κατελόβονΤΟ
1122 2253 1237 2309 TOTC
1264 2242 1416 2325 Ἀχαιοὺς
1440 2268 1494 2310 πο-

302 2359 475 2432 λεμοῦντας
500 2359 563 2422 τοῖν,Ι
586 2349 769 2430 βαρβάροις.
806 2349 905 2416 Unice
928 2371 1040 2416 verum
1064 2355 1112 2416 eet
1132 2351 1353 2430 κατέλαβΟΝ.
1402 2350 1494 2418 Dice-

302 2458 379 2524 bant
401 2460 560 2544 aequiores
588 2456 829 2534 καταλαβέσθαι
860 2477 917 2544 pro
949 2479 1089 2540 οσοιιροιο
1115 2456 1237 2542 locum,
1270 2456 1437 2524 castellum
1461 2465 1493 2522 et

302 2569 373 2630 sim.
399 2565 453 2631 sed
476 2565 700 2642 κατελαβόμην
725 2563 837 2636 αὐτοὺς
862 2568 1073 2641 πολεμοῦντας
1098 2584 1191 2632 nemo
1215 2585 1367 2650 umquam
1394 2563 1491 2630 Grae

302 2691 413 2738 corum
436 2671 519 2736 dixit
542 2691 598 2758 pro
621 2671 812 2748 κατέλαβον.

348 2882 475 2950 Susino
501 2906 575 2974 pag.
600 2883 676 2950 280.
704 2885 741 2950 de
765 2883 945 2949 Tarentinis
966 2884 1093 2950 scribit:
1119 2885 1178 2950 ott·
1203 2885 1321 2956 ἐκείνοις
1345 2891 1420 2962 (τοῖς
1445 2883 1491 2961 ξε·

303 2998 391 3064 νικοῑς
416 2993 593 3076 ςρατηγοῑς)
619 2992 645 3056 δ’
668 2993 815 3056 sirarios
839 2991 985 3064 ἠδύναντο
1009 2992 1085 3056 ἀλλ’
1109 2993 1151 3061 εἰς
1173 2989 1284 3072 ἔχθραν
1304 2992 1415 3062 αὐτοὺς
1436 3015 1492 3055 κα-

302 3095 443 3162 θίσασαν.
478 3097 684 3186 Legendum:
709 3099 785 3162 ἀλλ’
810 3099 851 3170 εἷς
872 3095 984 3178 έχόραν
1005 3100 1138 3164 nicole
1160 3100 1356 3164 ναόθςασων.
1393 3095 1492 3183 Saepe

303 3202 472 3270 καόεςοόναι
495 3206 530 3268 in
553 3203 715 3271 recitacione
739 3203 859 3270 scribae
881 3211 1006 3270 mutare
1030 3203 1141 3272 soient.

348 3415 427 3503 Peg.
452 3415 528 3480 285.
560 3417 665 3480 πολλόν
690 3417 717 3481 δ’
742 3415 897 3494 εἰρηκότων
920 3417 962 3480 τόι
987 3417 1105 3495 μέγνςα
1131 3423 1180 3481 νῦν
1205 3417 1489 3494 ἐπισημανούμεθα.

301 3542 415 3587 manca
437 3529 485 3587 eat
515 3525 671 3588 sententia
694 3525 810 3588 amisso
833 3522 988 3588 vocabulo
1012 3526 1195 3588 necessario.
1244 3521 1363 3608 supple
1387 3525 1494 3591 πολλοὶ

303 3629 334 3691 δὲ
359 3637 550 3693 ΠΟΛΛΩΝ
584 3630 749 3707 εἰρηκότων.
799 3627 867 3704 „De
896 3629 1010 3704 Italia,
1036 3631 1159 3714 inquit,
1182 3631 1385 3696 multicaulia
1409 3632 1495 3698 dixs-

302 3733 403 3799 runt”.
450 3734 571 3799 Eadem
594 3734 812 3800 emendatione
836 3741 909 3820 eget
933 3733 1021 3800 locus
1044 3757 1118 3822 pag.
1143 3735 1195 3799 14.
1220 3757 1316 3822 quem
1335 3740 1368 3802 in
1393 3739 1495 3804 fronte

302 3841 398 3904 huius
422 3842 600 3924 scriptionis
619 3843 798 3925 posuimus:
823 3841 848 3904 εἶ
870 3841 900 3904 δέ
920 3849 1039 3906 πολλῶν
1061 3843 1260 3921 προειπόντων
1282 3843 1495 3923 ἐπιχειροῦμεν

303 3949 354 4012 καὶ
379 3947 466 4010 αὐτοὶ
490 3946 612 4022 λέγειν,
636 3950 800 4012 imovero
824 3953 944 4010 πολλῶν
965 3950 1098 4029 (πολλοὶ)
1125 3949 1335 4028 προειπόντων.
1370 3951 1406 4015 In
1427 3971 1494 4036 sqq.

304 4053 424 4118 editur:
446 4055 517 4133 πρὸς
538 4047 580 4123 cit
602 4051 639 4118 όνν
655 4054 706 4116 καὶ
727 4053 833 4130 μικρὸν
853 4056 1044 4133 προσλαβεῖν
1064 4055 1250 4131 δυνηθῶμεν,
1270 4057 1327 4122 ubi
1344 4057 1496 4122 suadente

302 4161 459 4225 sententia
489 4161 705 4224 restituimus:
738 4153 780 4228 οἷς
805 4159 842 4224 ἂν
868 4161 918 4224 καὶ
945 4160 1050 4241 μικρόν
1071 4169 1116 4228 Ti
1143 4173 1349 4241 προοΒΑΛεῖν
1372 4164 1495 4236 δυνηθῶ-

302 4289 368 4342 μεν.

344 4477 422 4565 Peg.
449 4475 524 4542 287.
557 4478 680 4544 editur:
715 4479 848 4553 Κελτοὺς
880 4480 950 4552 τοὺς
981 4479 1048 4560 περὶ
1073 4481 1124 4543 τὸν
1149 4479 1249 4546 Πάδον
1276 4479 1418 4548 ἔπαυσαν
1439 4491 1495 4558 τιῑς
