<?xml version="1.0" encoding="UTF-8"?>
<!DOCTYPE html PUBLIC "-//W3C//DTD XHTML 1.0 Transitional//EN"
    "http://www.w3.org/TR/xhtml1/DTD/xhtml1-transitional.dtd">
<html xmlns="http://www.w3.org/1999/xhtml" xml:lang="en" lang="en">
 <head>
  <title>
</title>
<meta http-equiv="Content-Type" content="text/html;charset=utf-8" />
  <meta name='ocr-system' content='tesseract 3.04.00' />
  <meta name='ocr-capabilities' content='ocr_page ocr_carea ocr_par ocr_line ocrx_word'/>
</head>
<body>
  <div class='ocr_page' id='page_1' title='image "./miscellaneacrit00cobegoog/miscellaneacrit00cobegoog_0335.png"; bbox 0 0 3356 5086; ppageno 0'>
   <div class='ocr_carea' id='block_1_1' title="bbox 857 303 923 371">
    <p class='ocr_par' dir='ltr' id='par_1_1' title="bbox 857 303 923 371">
     <span class='ocr_line' id='line_1_1' title="bbox 857 303 923 371; baseline 0.015 -1"><span class='ocrx_word' id='word_1_1' title='bbox 857 303 923 371; x_wconf 82' lang='lat'><strong>314</strong></span> 
     </span>
    </p>
   </div>
   <div class='ocr_carea' id='block_1_2' title="bbox 292 493 1493 4497">
    <p class='ocr_par' dir='ltr' id='par_1_2' title="bbox 292 493 1493 1213">
     <span class='ocr_line' id='line_1_2' title="bbox 292 493 1492 582; baseline -0.001 -19"><span class='ocrx_word' id='word_1_2' title='bbox 292 496 387 564; x_wconf 87' lang='lat' dir='ltr'><strong>tionis</strong></span> <span class='ocrx_word' id='word_1_3' title='bbox 416 497 554 562; x_wconf 83' lang='lat' dir='ltr'><strong>haberat.</strong></span> <span class='ocrx_word' id='word_1_4' title='bbox 581 493 640 560; x_wconf 78' lang='lat' dir='ltr'><strong>Sed</strong></span> <span class='ocrx_word' id='word_1_5' title='bbox 666 495 751 581; x_wconf 87' lang='lat' dir='ltr'><strong>apud</strong></span> <span class='ocrx_word' id='word_1_6' title='bbox 773 514 830 560; x_wconf 90' lang='lat' dir='ltr'><strong>nos</strong></span> <span class='ocrx_word' id='word_1_7' title='bbox 854 498 931 562; x_wconf 86' lang='lat' dir='ltr'><strong>satis</strong></span> <span class='ocrx_word' id='word_1_8' title='bbox 955 500 1077 562; x_wconf 88' lang='lat' dir='ltr'><strong>constat</strong></span> <span class='ocrx_word' id='word_1_9' title='bbox 1100 517 1202 582; x_wconf 90' lang='lat' dir='ltr'><strong>neque</strong></span> <span class='ocrx_word' id='word_1_10' title='bbox 1225 495 1404 563; x_wconf 84' lang='lat' dir='ltr'><strong>Homerum</strong></span> <span class='ocrx_word' id='word_1_11' title='bbox 1428 515 1492 562; x_wconf 91' lang='lat' dir='ltr'><strong>ne-</strong></span> 
     </span>
     <span class='ocr_line' id='line_1_3' title="bbox 293 601 1493 689; baseline -0.001 -21"><span class='ocrx_word' id='word_1_12' title='bbox 293 625 353 689; x_wconf 91' lang='lat' dir='ltr'><strong>que</strong></span> <span class='ocrx_word' id='word_1_13' title='bbox 384 603 485 667; x_wconf 88' lang='lat' dir='ltr'><strong>alium</strong></span> <span class='ocrx_word' id='word_1_14' title='bbox 509 621 703 686; x_wconf 82' lang='lat' dir='ltr'><strong>quemquam</strong></span> <span class='ocrx_word' id='word_1_15' title='bbox 726 601 782 664; x_wconf 90' lang='lat' dir='ltr'><strong>ubi</strong></span> <span class='ocrx_word' id='word_1_16' title='bbox 797 602 945 686; x_wconf 80' lang='lat' dir='ltr'><strong>fcturum</strong></span> <span class='ocrx_word' id='word_1_17' title='bbox 968 605 1011 666; x_wconf 91' lang='lat' dir='ltr'><strong>sit</strong></span> <span class='ocrx_word' id='word_1_18' title='bbox 1033 605 1244 668; x_wconf 91' lang='lat' dir='ltr'><strong>necessarium</strong></span> <span class='ocrx_word' id='word_1_19' title='bbox 1267 607 1373 688; x_wconf 90' lang='lat' dir='ltr'><strong>inepte</strong></span> <span class='ocrx_word' id='word_1_20' title='bbox 1393 625 1493 687; x_wconf 79' lang='lat' dir='ltr'><strong>prae-</strong></span> 
     </span>
     <span class='ocr_line' id='line_1_4' title="bbox 292 705 1490 796; baseline 0 -22"><span class='ocrx_word' id='word_1_21' title='bbox 292 733 358 774; x_wconf 76' lang='lat' dir='ltr'><strong>sens</strong></span> <span class='ocrx_word' id='word_1_22' title='bbox 382 712 410 775; x_wconf 91' lang='lat' dir='ltr'><strong>ei</strong></span> <span class='ocrx_word' id='word_1_23' title='bbox 434 708 635 772; x_wconf 78' lang='lat' dir='ltr'><strong>substituere.</strong></span> <span class='ocrx_word' id='word_1_24' title='bbox 670 705 707 770; x_wconf 93' lang='lat' dir='ltr'><strong>ln</strong></span> <span class='ocrx_word' id='word_1_25' title='bbox 730 710 861 772; x_wconf 86' lang='lat' dir='ltr'><strong>caeteris</strong></span> <span class='ocrx_word' id='word_1_26' title='bbox 885 708 989 773; x_wconf 80' lang='lat' dir='ltr'><strong>forma</strong></span> <span class='ocrx_word' id='word_1_27' title='bbox 1010 709 1099 774; x_wconf 84' lang='lat' dir='ltr'><strong>verbi</strong></span> <span class='ocrx_word' id='word_1_28' title='bbox 1121 712 1285 796; x_wconf 74' lang='lat' dir='ltr'>magistris</span> <span class='ocrx_word' id='word_1_29' title='bbox 1308 711 1490 795; x_wconf 87' lang='lat' dir='ltr'><strong>imposuit,</strong></span> 
     </span>
     <span class='ocr_line' id='line_1_5' title="bbox 293 812 1493 896; baseline 0 -16"><span class='ocrx_word' id='word_1_30' title='bbox 293 821 331 880; x_wconf 90' lang='lat' dir='ltr'><strong>ut</strong></span> <span class='ocrx_word' id='word_1_31' title='bbox 356 813 521 890; x_wconf 76' lang='grc' dir='ltr'><em>τελέουσιν,</em></span> <span class='ocrx_word' id='word_1_32' title='bbox 548 812 692 891; x_wconf 87' lang='grc' dir='ltr'><strong><em>ἐρύουσιν,</em></strong></span> <span class='ocrx_word' id='word_1_33' title='bbox 719 813 849 896; x_wconf 68' lang='lat' dir='ltr'><strong>portin,</strong></span> <span class='ocrx_word' id='word_1_34' title='bbox 873 813 1001 877; x_wconf 78' lang='grc' dir='ltr'><strong><em>κιονιέοιν.</em></strong></span> <span class='ocrx_word' id='word_1_35' title='bbox 1041 813 1079 878; x_wconf 89' lang='lat' dir='ltr'><strong>In</strong></span> <span class='ocrx_word' id='word_1_36' title='bbox 1102 815 1218 895; x_wconf 76' lang='grc' dir='ltr'><strong><em>φαείνοι</em></strong></span> <span class='ocrx_word' id='word_1_37' title='bbox 1242 813 1331 880; x_wconf 86' lang='lat' dir='ltr'><strong>nulla</strong></span> <span class='ocrx_word' id='word_1_38' title='bbox 1353 820 1401 880; x_wconf 87' lang='lat' dir='ltr'><strong>est</strong></span> <span class='ocrx_word' id='word_1_39' title='bbox 1424 815 1493 880; x_wconf 91' lang='lat' dir='ltr'><strong>du-</strong></span> 
     </span>
     <span class='ocr_line' id='line_1_6' title="bbox 294 919 1489 1005; baseline -0.003 -18"><span class='ocrx_word' id='word_1_40' title='bbox 294 923 407 987; x_wconf 88' lang='lat' dir='ltr'><strong>bitatio</strong></span> <span class='ocrx_word' id='word_1_41' title='bbox 431 921 508 1004; x_wconf 87' lang='lat' dir='ltr'><strong>quin</strong></span> <span class='ocrx_word' id='word_1_42' title='bbox 531 920 573 983; x_wconf 88' lang='lat' dir='ltr'><strong>sit</strong></span> <span class='ocrx_word' id='word_1_43' title='bbox 596 938 633 983; x_wconf 86' lang='lat' dir='ltr'><strong>ea</strong></span> <span class='ocrx_word' id='word_1_44' title='bbox 654 919 818 1000; x_wconf 75' lang='grc' dir='ltr'><strong><em>ρνσεισιιοίε</em></strong></span> <span class='ocrx_word' id='word_1_45' title='bbox 841 921 995 1003; x_wconf 87' lang='lat' dir='ltr'><strong>temporis</strong></span> <span class='ocrx_word' id='word_1_46' title='bbox 1013 919 1125 984; x_wconf 83' lang='lat' dir='ltr'><strong>forma.</strong></span> <span class='ocrx_word' id='word_1_47' title='bbox 1150 921 1308 986; x_wconf 80' lang='lat' dir='ltr'><strong>Futurum</strong></span> <span class='ocrx_word' id='word_1_48' title='bbox 1329 926 1377 985; x_wconf 89' lang='lat' dir='ltr'><strong>est</strong></span> <span class='ocrx_word' id='word_1_49' title='bbox 1397 919 1489 1005; x_wconf 89' lang='lat' dir='ltr'><strong>apud</strong></span> 
     </span>
     <span class='ocr_line' id='line_1_7' title="bbox 295 1022 1424 1113; baseline 0 -23"><span class='ocrx_word' id='word_1_50' title='bbox 295 1025 474 1092; x_wconf 80' lang='lat' dir='ltr'><strong>Homerum</strong></span> <span class='ocrx_word' id='word_1_51' title='bbox 498 1022 623 1105; x_wconf 83' lang='grc' dir='ltr'><strong><em>Φοινέον,</em></strong></span> <span class='ocrx_word' id='word_1_52' title='bbox 649 1023 776 1102; x_wconf 68' lang='lat' dir='ltr'><strong>cartu,</strong></span> <span class='ocrx_word' id='word_1_53' title='bbox 800 1031 913 1108; x_wconf 77' lang='grc' dir='ltr'><strong><em>φρονεῖ,</em></strong></span> <span class='ocrx_word' id='word_1_54' title='bbox 937 1027 1113 1106; x_wconf 70' lang='lat' dir='ltr'><strong>pareretur.</strong></span> <span class='ocrx_word' id='word_1_55' title='bbox 1138 1024 1250 1113; x_wconf 86' lang='lat' dir='ltr'><strong>Odyss.</strong></span> <span class='ocrx_word' id='word_1_56' title='bbox 1276 1035 1321 1090; x_wconf 89' lang='lat' dir='ltr'><strong>M.</strong></span> <span class='ocrx_word' id='word_1_57' title='bbox 1346 1024 1424 1091; x_wconf 84' lang='lat'><strong>230.</strong></span> 
     </span>
     <span class='ocr_line' id='line_1_8' title="bbox 499 1128 1284 1213; baseline 0.003 -19"><span class='ocrx_word' id='word_1_58' title='bbox 499 1128 577 1195; x_wconf 84' lang='grc' dir='ltr'><strong><em>ἐνύεν</em></strong></span> <span class='ocrx_word' id='word_1_59' title='bbox 602 1128 665 1210; x_wconf 72' lang='lat' dir='ltr'><strong>peip</strong></span> <span class='ocrx_word' id='word_1_60' title='bbox 688 1153 741 1209; x_wconf 87' lang='grc' dir='ltr'><strong><em>ριιν</em></strong></span> <span class='ocrx_word' id='word_1_61' title='bbox 765 1129 899 1208; x_wconf 74' lang='grc' dir='ltr'><strong><em>ἐδέγροκν</em></strong></span> <span class='ocrx_word' id='word_1_62' title='bbox 922 1135 1026 1210; x_wconf 77' lang='grc' dir='ltr'><strong><em>πρῶτον</em></strong></span> <span class='ocrx_word' id='word_1_63' title='bbox 1050 1134 1284 1213; x_wconf 60' lang='lat' dir='ltr'><strong>mauriniaci.</strong></span> 
     </span>
    </p>

    <p class='ocr_par' dir='ltr' id='par_1_3' title="bbox 295 1221 608 1303">
     <span class='ocr_line' id='line_1_9' title="bbox 295 1221 608 1303; baseline -0.01 -1"><span class='ocrx_word' id='word_1_64' title='bbox 295 1221 328 1303; x_wconf 71' lang='lat' dir='ltr'><strong>a</strong></span> <span class='ocrx_word' id='word_1_65' title='bbox 351 1236 441 1302; x_wconf 77' lang='lat' dir='ltr'><strong>mac.</strong></span> <span class='ocrx_word' id='word_1_66' title='bbox 467 1243 507 1300; x_wconf 82' lang='lat' dir='ltr'><strong>r.</strong></span> <span class='ocrx_word' id='word_1_67' title='bbox 535 1233 608 1300; x_wconf 88' lang='lat'><strong>104.</strong></span> 
     </span>
    </p>

    <p class='ocr_par' dir='ltr' id='par_1_4' title="bbox 455 1339 1300 1424">
     <span class='ocr_line' id='line_1_10' title="bbox 455 1339 1300 1424; baseline 0.007 -20"><span class='ocrx_word' id='word_1_68' title='bbox 455 1339 550 1421; x_wconf 69' lang='grc' dir='ltr'><strong><em>ἄνδρα</em></strong></span> <span class='ocrx_word' id='word_1_69' title='bbox 574 1339 692 1421; x_wconf 79' lang='grc' dir='ltr'><em>φόωσδε</em></span> <span class='ocrx_word' id='word_1_70' title='bbox 716 1339 883 1418; x_wconf 77' lang='grc' dir='ltr'><strong><em>μογοςύκος</em></strong></span> <span class='ocrx_word' id='word_1_71' title='bbox 908 1341 1064 1407; x_wconf 73' lang='grc' dir='ltr'><strong><em>Εἰλείθυια</em></strong></span> <span class='ocrx_word' id='word_1_72' title='bbox 1090 1342 1300 1424; x_wconf 60' lang='lat' dir='ltr'><strong>&#39;Eumeni</strong></span> 
     </span>
    </p>

    <p class='ocr_par' dir='ltr' id='par_1_5' title="bbox 297 1443 1486 1725">
     <span class='ocr_line' id='line_1_11' title="bbox 346 1443 1486 1536; baseline 0 -24"><span class='ocrx_word' id='word_1_73' title='bbox 346 1447 430 1528; x_wconf 84' lang='lat' dir='ltr'><strong>Quid</strong></span> <span class='ocrx_word' id='word_1_74' title='bbox 458 1443 583 1511; x_wconf 81' lang='lat' dir='ltr'><strong>multat</strong></span> <span class='ocrx_word' id='word_1_75' title='bbox 606 1443 643 1510; x_wconf 92' lang='lat' dir='ltr'><strong>ln</strong></span> <span class='ocrx_word' id='word_1_76' title='bbox 665 1445 801 1511; x_wconf 86' lang='lat' dir='ltr'><strong>Homeri</strong></span> <span class='ocrx_word' id='word_1_77' title='bbox 822 1446 892 1512; x_wconf 92' lang='lat' dir='ltr'><strong>loco</strong></span> <span class='ocrx_word' id='word_1_78' title='bbox 916 1449 1032 1514; x_wconf 80' lang='lat' dir='ltr'><strong>vitium</strong></span> <span class='ocrx_word' id='word_1_79' title='bbox 1055 1448 1135 1513; x_wconf 89' lang='lat' dir='ltr'><strong>latet</strong></span> <span class='ocrx_word' id='word_1_80' title='bbox 1157 1446 1243 1512; x_wconf 84' lang='lat' dir='ltr'><strong>facili</strong></span> <span class='ocrx_word' id='word_1_81' title='bbox 1265 1449 1394 1536; x_wconf 83' lang='lat' dir='ltr'><strong>negotio</strong></span> <span class='ocrx_word' id='word_1_82' title='bbox 1417 1450 1486 1514; x_wconf 85' lang='lat' dir='ltr'><strong>exi·</strong></span> 
     </span>
     <span class='ocr_line' id='line_1_12' title="bbox 297 1550 1482 1640; baseline 0.001 -21"><span class='ocrx_word' id='word_1_83' title='bbox 297 1554 462 1619; x_wconf 90' lang='lat' dir='ltr'><strong>mendum.</strong></span> <span class='ocrx_word' id='word_1_84' title='bbox 488 1552 538 1615; x_wconf 86' lang='lat' dir='ltr'><strong>Ad</strong></span> <span class='ocrx_word' id='word_1_85' title='bbox 556 1551 590 1615; x_wconf 93' lang='lat' dir='ltr'><strong>id</strong></span> <span class='ocrx_word' id='word_1_86' title='bbox 609 1550 906 1636; x_wconf 86' lang='lat' dir='ltr'><strong>deprehendendum</strong></span> <span class='ocrx_word' id='word_1_87' title='bbox 927 1572 1019 1639; x_wconf 90' lang='lat' dir='ltr'><strong>opem</strong></span> <span class='ocrx_word' id='word_1_88' title='bbox 1039 1553 1119 1618; x_wconf 89' lang='lat' dir='ltr'><strong>ferat</strong></span> <span class='ocrx_word' id='word_1_89' title='bbox 1136 1553 1297 1619; x_wconf 88' lang='lat' dir='ltr'><strong>Homerus</strong></span> <span class='ocrx_word' id='word_1_90' title='bbox 1308 1557 1374 1640; x_wconf 91' lang='lat' dir='ltr'><strong>ipse</strong></span> <span class='ocrx_word' id='word_1_91' title='bbox 1386 1553 1482 1620; x_wconf 82' lang='lat' dir='ltr'><strong>Iliad.</strong></span> 
     </span>
     <span class='ocr_line' id='line_1_13' title="bbox 297 1657 439 1725; baseline -0.014 0"><span class='ocrx_word' id='word_1_92' title='bbox 297 1671 335 1725; x_wconf 86' lang='grc' dir='ltr'><strong>Π.</strong></span> <span class='ocrx_word' id='word_1_93' title='bbox 363 1657 439 1724; x_wconf 82' lang='lat'><strong>129.</strong></span> 
     </span>
    </p>

    <p class='ocr_par' dir='ltr' id='par_1_6' title="bbox 298 1761 1484 2168">
     <span class='ocr_line' id='line_1_14' title="bbox 479 1761 1307 1845; baseline 0.005 -18"><span class='ocrx_word' id='word_1_94' title='bbox 479 1762 567 1828; x_wconf 82' lang='grc' dir='ltr'><strong><em>δύσεο</em></strong></span> <span class='ocrx_word' id='word_1_95' title='bbox 589 1761 710 1842; x_wconf 82' lang='grc' dir='ltr'><strong><em>τεύχειν</em></strong></span> <span class='ocrx_word' id='word_1_96' title='bbox 733 1764 862 1836; x_wconf 78' lang='grc' dir='ltr'><strong><em>ύῖισσον,</em></strong></span> <span class='ocrx_word' id='word_1_97' title='bbox 888 1763 947 1840; x_wconf 75' lang='grc' dir='ltr'><strong>ἐγὼ</strong></span> <span class='ocrx_word' id='word_1_98' title='bbox 972 1763 1004 1829; x_wconf 76' lang='grc' dir='ltr'><strong><em>δέ</em></strong></span> <span class='ocrx_word' id='word_1_99' title='bbox 1027 1787 1062 1828; x_wconf 91' lang='grc' dir='ltr'><strong>κε</strong></span> <span class='ocrx_word' id='word_1_100' title='bbox 1077 1763 1160 1830; x_wconf 77' lang='grc' dir='ltr'><strong><em>’λαιὸν</em></strong></span> <span class='ocrx_word' id='word_1_101' title='bbox 1184 1765 1307 1845; x_wconf 75' lang='grc' dir='ltr'><strong>ύρείριι.</strong></span> 
     </span>
     <span class='ocr_line' id='line_1_15' title="bbox 298 1868 1484 1958; baseline 0 -22"><span class='ocrx_word' id='word_1_102' title='bbox 298 1872 355 1936; x_wconf 92' lang='lat' dir='ltr'><strong>ubi</strong></span> <span class='ocrx_word' id='word_1_103' title='bbox 379 1874 563 1935; x_wconf 89' lang='lat' dir='ltr'><strong>annotatur:</strong></span> <span class='ocrx_word' id='word_1_104' title='bbox 588 1869 754 1948; x_wconf 74' lang='grc' dir='ltr'><strong><em>ύγεέρωτ</em></strong></span> <span class='ocrx_word' id='word_1_105' title='bbox 780 1868 887 1944; x_wconf 70' lang='lat' dir='ltr'><strong>tucior</strong></span> <span class='ocrx_word' id='word_1_106' title='bbox 918 1869 960 1949; x_wconf 83' lang='grc' dir='ltr'><strong>σῷ</strong></span> <span class='ocrx_word' id='word_1_107' title='bbox 984 1870 1098 1949; x_wconf 64' lang='lat' dir='ltr'><strong>cyrno</strong></span> <span class='ocrx_word' id='word_1_108' title='bbox 1124 1870 1201 1958; x_wconf 82' lang='lat' dir='ltr'><strong>(leg.</strong></span> <span class='ocrx_word' id='word_1_109' title='bbox 1225 1871 1350 1955; x_wconf 77' lang='grc' dir='ltr'><strong>ιὶρερῶ).</strong></span> <span class='ocrx_word' id='word_1_110' title='bbox 1376 1871 1484 1944; x_wconf 78' lang='grc' dir='ltr'><strong><em>ἕνεςὼς</em></strong></span> 
     </span>
     <span class='ocr_line' id='line_1_16' title="bbox 299 1965 1437 2058; baseline -0.001 -16"><span class='ocrx_word' id='word_1_111' title='bbox 299 1965 362 2058; x_wconf 74' lang='grc' dir='ltr'><strong>νύρ</strong></span> <span class='ocrx_word' id='word_1_112' title='bbox 386 1977 429 2044; x_wconf 79' lang='grc' dir='ltr'><strong>ἐςι</strong></span> <span class='ocrx_word' id='word_1_113' title='bbox 454 1977 609 2053; x_wconf 80' lang='grc' dir='ltr'><strong><em>σκμσιίνοιν</em></strong></span> <span class='ocrx_word' id='word_1_114' title='bbox 633 1973 801 2051; x_wconf 64' lang='lat' dir='ltr'><strong>arraona.</strong></span> <span class='ocrx_word' id='word_1_115' title='bbox 828 1972 925 2054; x_wconf 72' lang='grc' dir='ltr'><strong><em>ὥσπερ</em></strong></span> <span class='ocrx_word' id='word_1_116' title='bbox 950 1975 1002 2039; x_wconf 82' lang='grc' dir='ltr'><strong>κού</strong></span> <span class='ocrx_word' id='word_1_117' title='bbox 1027 1975 1077 2039; x_wconf 76' lang='grc' dir='ltr'><strong>ἐπ’</strong></span> <span class='ocrx_word' id='word_1_118' title='bbox 1102 1975 1206 2041; x_wconf 72' lang='grc' dir='ltr'><strong><em>ἄλλων</em></strong></span> <span class='ocrx_word' id='word_1_119' title='bbox 1233 1976 1437 2057; x_wconf 81' lang='grc' dir='ltr'><strong><em>σκρεύέροεύιι.</em></strong></span> 
     </span>
     <span class='ocr_line' id='line_1_17' title="bbox 548 2077 1236 2168; baseline 0.001 -24"><span class='ocrx_word' id='word_1_120' title='bbox 548 2083 610 2158; x_wconf 72' lang='grc' dir='ltr'><strong>ἐγὼ</strong></span> <span class='ocrx_word' id='word_1_121' title='bbox 635 2080 667 2144; x_wconf 79' lang='grc' dir='ltr'><strong><em>δέ</em></strong></span> <span class='ocrx_word' id='word_1_122' title='bbox 691 2082 718 2145; x_wconf 88' lang='grc' dir='ltr'><strong>κ’</strong></span> <span class='ocrx_word' id='word_1_123' title='bbox 743 2077 810 2157; x_wconf 74' lang='grc' dir='ltr'><strong><em>ἄρον</em></strong></span> <span class='ocrx_word' id='word_1_124' title='bbox 837 2080 979 2159; x_wconf 68' lang='grc' dir='ltr'><strong><em>Βρισηΐδι</em></strong></span> <span class='ocrx_word' id='word_1_125' title='bbox 1005 2080 1054 2167; x_wconf 87' lang='grc' dir='ltr'><strong>(Π.</strong></span> <span class='ocrx_word' id='word_1_126' title='bbox 1079 2091 1118 2147; x_wconf 92' lang='lat' dir='ltr'><strong>A.</strong></span> <span class='ocrx_word' id='word_1_127' title='bbox 1147 2080 1236 2168; x_wconf 78' lang='lat'><strong>184.)</strong></span> 
     </span>
    </p>

    <p class='ocr_par' dir='ltr' id='par_1_7' title="bbox 299 2185 1486 3415">
     <span class='ocr_line' id='line_1_18' title="bbox 437 2185 1393 2267; baseline 0 -15"><span class='ocrx_word' id='word_1_128' title='bbox 437 2185 455 2262; x_wconf 78' lang='grc' dir='ltr'><strong><em>ἦ</em></strong></span> <span class='ocrx_word' id='word_1_129' title='bbox 478 2187 568 2266; x_wconf 67' lang='lat' dir='ltr'><strong>atys</strong></span> <span class='ocrx_word' id='word_1_130' title='bbox 591 2185 694 2256; x_wconf 82' lang='grc' dir='ltr'><strong><em>σένύις</em></strong></span> <span class='ocrx_word' id='word_1_131' title='bbox 718 2187 871 2266; x_wconf 56' lang='lat' dir='ltr'><strong>’sparus</strong></span> <span class='ocrx_word' id='word_1_132' title='bbox 895 2194 992 2263; x_wconf 78' lang='grc' dir='ltr'><strong><em>ροιῖιιν</em></strong></span> <span class='ocrx_word' id='word_1_133' title='bbox 1015 2187 1112 2252; x_wconf 67' lang='grc' dir='ltr'><strong><em>ἱκάνει</em></strong></span> <span class='ocrx_word' id='word_1_134' title='bbox 1135 2186 1239 2267; x_wconf 85' lang='lat' dir='ltr'><strong>(Iliad.</strong></span> <span class='ocrx_word' id='word_1_135' title='bbox 1264 2197 1301 2252; x_wconf 88' lang='lat' dir='ltr'><strong>H.</strong></span> <span class='ocrx_word' id='word_1_136' title='bbox 1328 2186 1393 2252; x_wconf 85' lang='lat'><strong>124</strong></span> 
     </span>
     <span class='ocr_line' id='line_1_19' title="bbox 302 2289 1486 2372; baseline -0.004 -10"><span class='ocrx_word' id='word_1_137' title='bbox 302 2293 377 2362; x_wconf 80' lang='grc' dir='ltr'><strong><em>οὕτω</em></strong></span> <span class='ocrx_word' id='word_1_138' title='bbox 403 2293 454 2359; x_wconf 80' lang='grc' dir='ltr'><strong>κού</strong></span> <span class='ocrx_word' id='word_1_139' title='bbox 479 2294 513 2357; x_wconf 81' lang='lat' dir='ltr'><strong>rt</strong></span> <span class='ocrx_word' id='word_1_140' title='bbox 538 2293 721 2372; x_wconf 76' lang='grc' dir='ltr'><strong>ἐρύουσιν</strong></span> <span class='ocrx_word' id='word_1_141' title='bbox 743 2289 820 2372; x_wconf 76' lang='grc' dir='ltr'><strong><em>ἔχει.</em></strong></span> <span class='ocrx_word' id='word_1_142' title='bbox 844 2290 921 2356; x_wconf 74' lang='grc' dir='ltr'><strong><em>κύσον</em></strong></span> <span class='ocrx_word' id='word_1_143' title='bbox 945 2291 975 2356; x_wconf 76' lang='grc' dir='ltr'><strong>δὲ</strong></span> <span class='ocrx_word' id='word_1_144' title='bbox 1004 2294 1057 2356; x_wconf 80' lang='grc' dir='ltr'><strong>κού</strong></span> <span class='ocrx_word' id='word_1_145' title='bbox 1083 2293 1277 2372; x_wconf 77' lang='grc' dir='ltr'><strong>’Λρέςοορχος.</strong></span> <span class='ocrx_word' id='word_1_146' title='bbox 1311 2291 1486 2357; x_wconf 84' lang='lat' dir='ltr'><strong>Herodiani</strong></span> 
     </span>
     <span class='ocr_line' id='line_1_20' title="bbox 299 2396 1483 2483; baseline -0.005 -16"><span class='ocrx_word' id='word_1_147' title='bbox 299 2403 377 2467; x_wconf 86' lang='lat' dir='ltr'><strong>haec</strong></span> <span class='ocrx_word' id='word_1_148' title='bbox 412 2405 503 2483; x_wconf 90' lang='lat' dir='ltr'><strong>sunt,</strong></span> <span class='ocrx_word' id='word_1_149' title='bbox 539 2401 594 2482; x_wconf 91' lang='lat' dir='ltr'><strong>qui</strong></span> <span class='ocrx_word' id='word_1_150' title='bbox 628 2396 731 2462; x_wconf 89' lang='lat' dir='ltr'><strong>multo</strong></span> <span class='ocrx_word' id='word_1_151' title='bbox 762 2396 834 2482; x_wconf 92' lang='lat' dir='ltr'><strong>plus</strong></span> <span class='ocrx_word' id='word_1_152' title='bbox 865 2397 1041 2463; x_wconf 79' lang='lat' dir='ltr'><strong>eruditione</strong></span> <span class='ocrx_word' id='word_1_153' title='bbox 1072 2419 1169 2482; x_wconf 90' lang='lat' dir='ltr'><strong>quam</strong></span> <span class='ocrx_word' id='word_1_154' title='bbox 1198 2399 1316 2464; x_wconf 91' lang='lat' dir='ltr'><strong>iudicio</strong></span> <span class='ocrx_word' id='word_1_155' title='bbox 1345 2397 1483 2462; x_wconf 79' lang='lat' dir='ltr'><strong>valebat</strong></span> 
     </span>
     <span class='ocr_line' id='line_1_21' title="bbox 300 2502 1485 2588; baseline -0.004 -17"><span class='ocrx_word' id='word_1_156' title='bbox 300 2506 381 2572; x_wconf 86' lang='lat' dir='ltr'><strong>Vide</strong></span> <span class='ocrx_word' id='word_1_157' title='bbox 408 2505 491 2569; x_wconf 89' lang='lat' dir='ltr'><strong>mihi</strong></span> <span class='ocrx_word' id='word_1_158' title='bbox 513 2508 551 2567; x_wconf 92' lang='lat' dir='ltr'><strong>ut</strong></span> <span class='ocrx_word' id='word_1_159' title='bbox 573 2504 706 2567; x_wconf 83' lang='lat' dir='ltr'><strong>misceat</strong></span> <span class='ocrx_word' id='word_1_160' title='bbox 729 2504 853 2566; x_wconf 82' lang='lat' dir='ltr'><strong>omnia:</strong></span> <span class='ocrx_word' id='word_1_161' title='bbox 879 2503 1009 2582; x_wconf 77' lang='grc' dir='ltr'><strong>ἐρύουσιν</strong></span> <span class='ocrx_word' id='word_1_162' title='bbox 1033 2508 1081 2568; x_wconf 89' lang='lat' dir='ltr'><strong>est</strong></span> <span class='ocrx_word' id='word_1_163' title='bbox 1094 2504 1259 2588; x_wconf 81' lang='lat' dir='ltr'><strong>faturum:</strong></span> <span class='ocrx_word' id='word_1_164' title='bbox 1282 2502 1377 2569; x_wconf 75' lang='lat' dir='ltr'><strong>turture</strong></span> <span class='ocrx_word' id='word_1_165' title='bbox 1395 2525 1485 2586; x_wconf 78' lang='lat' dir='ltr'><strong>proe-</strong></span> 
     </span>
     <span class='ocr_line' id='line_1_22' title="bbox 300 2607 1484 2696; baseline -0.004 -19"><span class='ocrx_word' id='word_1_166' title='bbox 300 2633 366 2677; x_wconf 81' lang='lat' dir='ltr'><strong>ama</strong></span> <span class='ocrx_word' id='word_1_167' title='bbox 389 2616 437 2676; x_wconf 89' lang='lat' dir='ltr'><strong>est</strong></span> <span class='ocrx_word' id='word_1_168' title='bbox 460 2609 543 2696; x_wconf 91' lang='lat' dir='ltr'><strong>quod</strong></span> <span class='ocrx_word' id='word_1_169' title='bbox 567 2610 723 2673; x_wconf 88' lang='lat' dir='ltr'><strong>sententia</strong></span> <span class='ocrx_word' id='word_1_170' title='bbox 744 2607 899 2692; x_wconf 87' lang='lat' dir='ltr'><strong>postulat:</strong></span> <span class='ocrx_word' id='word_1_171' title='bbox 923 2611 1007 2673; x_wconf 77' lang='lat' dir='ltr'><strong>odeat</strong></span> <span class='ocrx_word' id='word_1_172' title='bbox 1029 2609 1153 2675; x_wconf 89' lang='lat' dir='ltr'><strong>malum</strong></span> <span class='ocrx_word' id='word_1_173' title='bbox 1178 2631 1213 2675; x_wconf 93' lang='lat' dir='ltr'><strong>ac</strong></span> <span class='ocrx_word' id='word_1_174' title='bbox 1229 2609 1371 2675; x_wconf 81' lang='lat' dir='ltr'><strong>&#39;dedecus</strong></span> <span class='ocrx_word' id='word_1_175' title='bbox 1388 2609 1484 2673; x_wconf 91' lang='lat' dir='ltr'><strong>Achi-</strong></span> 
     </span>
     <span class='ocr_line' id='line_1_23' title="bbox 301 2711 1485 2799; baseline -0.003 -16"><span class='ocrx_word' id='word_1_176' title='bbox 301 2737 433 2793; x_wconf 83' lang='lat' dir='ltr'><strong>vorum,</strong></span> <span class='ocrx_word' id='word_1_177' title='bbox 466 2721 498 2780; x_wconf 88' lang='lat' dir='ltr'><strong>et</strong></span> <span class='ocrx_word' id='word_1_178' title='bbox 522 2717 555 2778; x_wconf 92' lang='lat' dir='ltr'><strong>in</strong></span> <span class='ocrx_word' id='word_1_179' title='bbox 583 2713 644 2791; x_wconf 76' lang='grc' dir='ltr'><strong>ἐγὼ</strong></span> <span class='ocrx_word' id='word_1_180' title='bbox 668 2711 700 2778; x_wconf 99' lang='grc' dir='ltr'><strong><em>δέ</em></strong></span> <span class='ocrx_word' id='word_1_181' title='bbox 724 2716 760 2776; x_wconf 87' lang='grc' dir='ltr'><strong>Κ’</strong></span> <span class='ocrx_word' id='word_1_182' title='bbox 784 2711 871 2798; x_wconf 75' lang='lat' dir='ltr'><strong>otyor,</strong></span> <span class='ocrx_word' id='word_1_183' title='bbox 897 2719 929 2778; x_wconf 89' lang='lat' dir='ltr'><strong>et</strong></span> <span class='ocrx_word' id='word_1_184' title='bbox 952 2715 1012 2792; x_wconf 77' lang='grc' dir='ltr'><strong>ἐγὼ</strong></span> <span class='ocrx_word' id='word_1_185' title='bbox 1038 2715 1069 2780; x_wconf 76' lang='grc' dir='ltr'><strong><em>δέ</em></strong></span> <span class='ocrx_word' id='word_1_186' title='bbox 1096 2724 1149 2779; x_wconf 80' lang='grc' dir='ltr'><strong>ΚΕ</strong></span> <span class='ocrx_word' id='word_1_187' title='bbox 1175 2714 1248 2780; x_wconf 74' lang='lat' dir='ltr'><strong>Acta</strong></span> <span class='ocrx_word' id='word_1_188' title='bbox 1273 2714 1405 2793; x_wconf 73' lang='grc' dir='ltr'><strong><em>ἐγείρει,</em></strong></span> <span class='ocrx_word' id='word_1_189' title='bbox 1430 2735 1485 2799; x_wconf 89' lang='lat' dir='ltr'><strong>po·</strong></span> 
     </span>
     <span class='ocr_line' id='line_1_24' title="bbox 301 2817 1485 2907; baseline -0.003 -20"><span class='ocrx_word' id='word_1_190' title='bbox 301 2821 466 2888; x_wconf 88' lang='lat' dir='ltr'><strong>tentialem</strong></span> <span class='ocrx_word' id='word_1_191' title='bbox 491 2817 640 2886; x_wconf 82' lang='lat' dir='ltr'><strong>voculam</strong></span> <span class='ocrx_word' id='word_1_192' title='bbox 663 2827 717 2882; x_wconf 79' lang='grc' dir='ltr'><strong>ΚΕ</strong></span> <span class='ocrx_word' id='word_1_193' title='bbox 740 2817 833 2902; x_wconf 89' lang='lat' dir='ltr'><strong>plane</strong></span> <span class='ocrx_word' id='word_1_194' title='bbox 859 2819 1012 2906; x_wconf 81' lang='lat' dir='ltr'><strong>neglexit.</strong></span> <span class='ocrx_word' id='word_1_195' title='bbox 1047 2820 1214 2886; x_wconf 86' lang='lat' dir='ltr'><strong>Praeterea</strong></span> <span class='ocrx_word' id='word_1_196' title='bbox 1237 2827 1367 2907; x_wconf 90' lang='lat' dir='ltr'><strong>apparet</strong></span> <span class='ocrx_word' id='word_1_197' title='bbox 1388 2841 1485 2905; x_wconf 88' lang='lat' dir='ltr'><strong>quam</strong></span> 
     </span>
     <span class='ocr_line' id='line_1_25' title="bbox 300 2923 1483 3011; baseline -0.002 -19"><span class='ocrx_word' id='word_1_198' title='bbox 300 2926 382 2992; x_wconf 91' lang='lat' dir='ltr'><strong>nihil</strong></span> <span class='ocrx_word' id='word_1_199' title='bbox 415 2927 569 3011; x_wconf 81' lang='lat' dir='ltr'><strong>excerptis</strong></span> <span class='ocrx_word' id='word_1_200' title='bbox 598 2923 772 2989; x_wconf 86' lang='lat' dir='ltr'><strong>Herodiani</strong></span> <span class='ocrx_word' id='word_1_201' title='bbox 795 2924 833 2989; x_wconf 92' lang='lat' dir='ltr'><strong>de</strong></span> <span class='ocrx_word' id='word_1_202' title='bbox 856 2925 1038 2990; x_wconf 79' lang='lat' dir='ltr'><strong>Aristarcho</strong></span> <span class='ocrx_word' id='word_1_203' title='bbox 1062 2927 1104 2990; x_wconf 89' lang='lat' dir='ltr'><strong>sit</strong></span> <span class='ocrx_word' id='word_1_204' title='bbox 1127 2926 1327 2991; x_wconf 89' lang='lat' dir='ltr'><strong>credendum.</strong></span> <span class='ocrx_word' id='word_1_205' title='bbox 1353 2923 1427 2991; x_wconf 77' lang='lat' dir='ltr'><strong>otro</strong></span> <span class='ocrx_word' id='word_1_206' title='bbox 1452 2925 1483 2990; x_wconf 74' lang='lat' dir='ltr'><strong>ii</strong></span> 
     </span>
     <span class='ocr_line' id='line_1_26' title="bbox 301 3029 1483 3116; baseline -0.001 -19"><span class='ocrx_word' id='word_1_207' title='bbox 301 3032 352 3098; x_wconf 78' lang='lat' dir='ltr'><strong>aut</strong></span> <span class='ocrx_word' id='word_1_208' title='bbox 390 3031 591 3112; x_wconf 79' lang='grc' dir='ltr'><strong><em>Ἀρίςιιρχος,</em></strong></span> <span class='ocrx_word' id='word_1_209' title='bbox 619 3031 734 3114; x_wconf 90' lang='lat' dir='ltr'><strong>inquit.</strong></span> <span class='ocrx_word' id='word_1_210' title='bbox 776 3029 952 3094; x_wconf 79' lang='lat' dir='ltr'><strong>Aristarchi</strong></span> <span class='ocrx_word' id='word_1_211' title='bbox 982 3034 1138 3096; x_wconf 90' lang='lat' dir='ltr'><strong>sententia</strong></span> <span class='ocrx_word' id='word_1_212' title='bbox 1160 3033 1245 3116; x_wconf 89' lang='lat' dir='ltr'><strong>apud</strong></span> <span class='ocrx_word' id='word_1_213' title='bbox 1268 3034 1483 3099; x_wconf 85' lang='lat' dir='ltr'><strong>Aristonicum</strong></span> 
     </span>
     <span class='ocr_line' id='line_1_27' title="bbox 302 3130 1482 3215; baseline 0 -12"><span class='ocrx_word' id='word_1_214' title='bbox 302 3139 379 3204; x_wconf 85' lang='lat' dir='ltr'><strong>haec</strong></span> <span class='ocrx_word' id='word_1_215' title='bbox 402 3143 468 3202; x_wconf 84' lang='lat' dir='ltr'><strong>est:</strong></span> <span class='ocrx_word' id='word_1_216' title='bbox 492 3137 531 3202; x_wconf 87' lang='lat' dir='ltr'><strong>ad</strong></span> <span class='ocrx_word' id='word_1_217' title='bbox 555 3135 593 3201; x_wconf 89' lang='lat' dir='ltr'><strong>H.</strong></span> <span class='ocrx_word' id='word_1_218' title='bbox 617 3145 655 3200; x_wconf 93' lang='lat' dir='ltr'><strong>A.</strong></span> <span class='ocrx_word' id='word_1_219' title='bbox 681 3133 755 3199; x_wconf 85' lang='lat'><strong>184.</strong></span> <span class='ocrx_word' id='word_1_220' title='bbox 782 3136 798 3209; x_wconf 74' lang='grc' dir='ltr'><strong><em>ἡ</em></strong></span> <span class='ocrx_word' id='word_1_221' title='bbox 823 3133 917 3210; x_wconf 75' lang='grc' dir='ltr'><strong><em>διπλῆ</em></strong></span> <span class='ocrx_word' id='word_1_222' title='bbox 942 3130 986 3200; x_wconf 77' lang='grc' dir='ltr'><strong>ἐτι</strong></span> <span class='ocrx_word' id='word_1_223' title='bbox 1008 3134 1144 3213; x_wconf 64' lang='lat' dir='ltr'><strong>stays</strong></span> <span class='ocrx_word' id='word_1_224' title='bbox 1166 3139 1234 3200; x_wconf 69' lang='grc' dir='ltr'><strong>ἀντὶ</strong></span> <span class='ocrx_word' id='word_1_225' title='bbox 1255 3135 1482 3215; x_wconf 67' lang='lat' dir='ltr'><strong>actitarent.</strong></span> 
     </span>
     <span class='ocr_line' id='line_1_28' title="bbox 301 3236 1485 3321; baseline -0.001 -11"><span class='ocrx_word' id='word_1_226' title='bbox 301 3251 334 3310; x_wconf 89' lang='lat' dir='ltr'><strong>st</strong></span> <span class='ocrx_word' id='word_1_227' title='bbox 364 3243 402 3308; x_wconf 94' lang='lat' dir='ltr'><strong>Il.</strong></span> <span class='ocrx_word' id='word_1_228' title='bbox 427 3253 465 3308; x_wconf 87' lang='grc' dir='ltr'><strong>Π.</strong></span> <span class='ocrx_word' id='word_1_229' title='bbox 494 3240 567 3306; x_wconf 80' lang='lat'><strong>129.</strong></span> <span class='ocrx_word' id='word_1_230' title='bbox 594 3243 618 3314; x_wconf 80' lang='grc' dir='ltr'><strong>ἡ·</strong></span> <span class='ocrx_word' id='word_1_231' title='bbox 635 3242 729 3313; x_wconf 75' lang='grc' dir='ltr'><strong><em>διπλῆ</em></strong></span> <span class='ocrx_word' id='word_1_232' title='bbox 753 3236 798 3305; x_wconf 79' lang='grc' dir='ltr'><strong>ἐτι</strong></span> <span class='ocrx_word' id='word_1_233' title='bbox 822 3240 891 3304; x_wconf 71' lang='lat' dir='ltr'><strong>dari</strong></span> <span class='ocrx_word' id='word_1_234' title='bbox 915 3246 968 3306; x_wconf 81' lang='grc' dir='ltr'><strong>τοῦ</strong></span> <span class='ocrx_word' id='word_1_235' title='bbox 993 3240 1224 3321; x_wconf 78' lang='grc' dir='ltr'><strong><em>ύγεέριοιριι.</em></strong></span> <span class='ocrx_word' id='word_1_236' title='bbox 1263 3244 1313 3308; x_wconf 90' lang='lat' dir='ltr'><strong>Ad</strong></span> <span class='ocrx_word' id='word_1_237' title='bbox 1334 3244 1415 3309; x_wconf 86' lang='lat' dir='ltr'><strong>hauc</strong></span> <span class='ocrx_word' id='word_1_238' title='bbox 1436 3243 1485 3308; x_wconf 94' lang='lat' dir='ltr'><strong>lu-</strong></span> 
     </span>
     <span class='ocr_line' id='line_1_29' title="bbox 301 3345 758 3415; baseline -0.002 0"><span class='ocrx_word' id='word_1_239' title='bbox 301 3370 370 3415; x_wconf 88' lang='lat' dir='ltr'><strong>cem</strong></span> <span class='ocrx_word' id='word_1_240' title='bbox 393 3347 484 3415; x_wconf 86' lang='lat' dir='ltr'><strong>facile</strong></span> <span class='ocrx_word' id='word_1_241' title='bbox 507 3355 555 3413; x_wconf 87' lang='lat' dir='ltr'><strong>est</strong></span> <span class='ocrx_word' id='word_1_242' title='bbox 577 3345 758 3414; x_wconf 79' lang='lat' dir='ltr'><strong>emendare:</strong></span> 
     </span>
    </p>

    <p class='ocr_par' dir='ltr' id='par_1_8' title="bbox 301 3453 1324 3648">
     <span class='ocr_line' id='line_1_30' title="bbox 459 3453 1324 3538; baseline -0.001 -19"><span class='ocrx_word' id='word_1_243' title='bbox 459 3453 591 3531; x_wconf 72' lang='grc' dir='ltr'><strong><em>δύσομαι</em></strong></span> <span class='ocrx_word' id='word_1_244' title='bbox 616 3456 657 3527; x_wconf 73' lang='grc' dir='ltr'><strong>εἷς</strong></span> <span class='ocrx_word' id='word_1_245' title='bbox 684 3453 820 3520; x_wconf 70' lang='grc' dir='ltr'><em>ἈΐδΕΩ</em></span> <span class='ocrx_word' id='word_1_246' title='bbox 844 3456 899 3520; x_wconf 84' lang='grc' dir='ltr'><strong><em>κου’</em></strong></span> <span class='ocrx_word' id='word_1_247' title='bbox 922 3457 957 3521; x_wconf 71' lang='lat' dir='ltr'><strong>ii*</strong></span> <span class='ocrx_word' id='word_1_248' title='bbox 983 3455 1012 3520; x_wconf 83' lang='grc' dir='ltr'><strong>ἐν</strong></span> <span class='ocrx_word' id='word_1_249' title='bbox 1039 3454 1175 3521; x_wconf 82' lang='grc' dir='ltr'><strong>νεκύεσσι</strong></span> <span class='ocrx_word' id='word_1_250' title='bbox 1198 3456 1324 3538; x_wconf 60' lang='lat' dir='ltr'><strong>marino.</strong></span> 
     </span>
     <span class='ocr_line' id='line_1_31' title="bbox 301 3558 821 3648; baseline -0.006 -20"><span class='ocrx_word' id='word_1_251' title='bbox 301 3561 486 3648; x_wconf 87' lang='lat' dir='ltr'><strong>planissime</strong></span> <span class='ocrx_word' id='word_1_252' title='bbox 508 3565 546 3624; x_wconf 90' lang='lat' dir='ltr'><strong>ut</strong></span> <span class='ocrx_word' id='word_1_253' title='bbox 567 3558 656 3626; x_wconf 82' lang='lat' dir='ltr'><strong>iliad.</strong></span> <span class='ocrx_word' id='word_1_254' title='bbox 683 3569 722 3624; x_wconf 90' lang='lat' dir='ltr'><strong>A.</strong></span> <span class='ocrx_word' id='word_1_255' title='bbox 747 3559 821 3625; x_wconf 86' lang='grc'><strong>184.</strong></span> 
     </span>
    </p>

    <p class='ocr_par' dir='ltr' id='par_1_9' title="bbox 302 3663 1489 4067">
     <span class='ocr_line' id='line_1_32' title="bbox 670 3663 1112 3746; baseline 0.009 -17"><span class='ocrx_word' id='word_1_256' title='bbox 670 3663 804 3743; x_wconf 62' lang='lat' dir='ltr'><strong>atarto,</strong></span> <span class='ocrx_word' id='word_1_257' title='bbox 830 3666 889 3742; x_wconf 77' lang='grc' dir='ltr'><strong>ἐγὼ</strong></span> <span class='ocrx_word' id='word_1_258' title='bbox 914 3665 945 3731; x_wconf 77' lang='grc' dir='ltr'><strong><em>δέ</em></strong></span> <span class='ocrx_word' id='word_1_259' title='bbox 968 3672 1004 3732; x_wconf 84' lang='grc' dir='ltr'><strong>Κ’</strong></span> <span class='ocrx_word' id='word_1_260' title='bbox 1029 3665 1112 3746; x_wconf 72' lang='grc' dir='ltr'><strong><em>ἄνευ,</em></strong></span> 
     </span>
     <span class='ocr_line' id='line_1_33' title="bbox 303 3771 1487 3859; baseline -0.001 -18"><span class='ocrx_word' id='word_1_261' title='bbox 303 3774 450 3842; x_wconf 83' lang='lat' dir='ltr'><strong>futurum</strong></span> <span class='ocrx_word' id='word_1_262' title='bbox 483 3775 523 3836; x_wconf 78' lang='lat' dir='ltr'><strong>et·</strong></span> <span class='ocrx_word' id='word_1_263' title='bbox 546 3777 600 3835; x_wconf 75' lang='lat' dir='ltr'><strong>ue</strong></span> <span class='ocrx_word' id='word_1_264' title='bbox 622 3789 696 3835; x_wconf 91' lang='lat' dir='ltr'><strong>oum</strong></span> <span class='ocrx_word' id='word_1_265' title='bbox 720 3772 903 3836; x_wconf 64' lang='lat' dir='ltr'><strong>acatalectico</strong></span> <span class='ocrx_word' id='word_1_266' title='bbox 927 3777 964 3837; x_wconf 90' lang='lat' dir='ltr'><strong>ut</strong></span> <span class='ocrx_word' id='word_1_267' title='bbox 986 3771 1079 3858; x_wconf 88' lang='lat' dir='ltr'><strong>plane</strong></span> <span class='ocrx_word' id='word_1_268' title='bbox 1104 3772 1275 3853; x_wconf 72' lang='grc' dir='ltr'><strong><em>ἱσοδύνιιμιι</em></strong></span> <span class='ocrx_word' id='word_1_269' title='bbox 1298 3775 1487 3859; x_wconf 77' lang='lat' dir='ltr'><strong>composuit.</strong></span> 
     </span>
     <span class='ocr_line' id='line_1_34' title="bbox 302 3875 1489 3966; baseline -0.001 -20"><span class='ocrx_word' id='word_1_270' title='bbox 302 3879 367 3946; x_wconf 87' lang='lat' dir='ltr'><strong>Ubi</strong></span> <span class='ocrx_word' id='word_1_271' title='bbox 391 3875 490 3944; x_wconf 88' lang='lat' dir='ltr'><strong>semel</strong></span> <span class='ocrx_word' id='word_1_272' title='bbox 511 3878 545 3941; x_wconf 88' lang='lat' dir='ltr'><strong>iu</strong></span> <span class='ocrx_word' id='word_1_273' title='bbox 565 3877 618 3942; x_wconf 86' lang='grc' dir='ltr'><strong>κού</strong></span> <span class='ocrx_word' id='word_1_274' title='bbox 636 3876 673 3940; x_wconf 84' lang='grc' dir='ltr'><strong>Κ’</strong></span> <span class='ocrx_word' id='word_1_275' title='bbox 694 3877 723 3940; x_wconf 88' lang='grc' dir='ltr'><strong>ἐν</strong></span> <span class='ocrx_word' id='word_1_276' title='bbox 746 3877 882 3941; x_wconf 90' lang='grc' dir='ltr'><strong><em>νεκύεσσι</em></strong></span> <span class='ocrx_word' id='word_1_277' title='bbox 903 3876 1101 3966; x_wconf 82' lang='lat' dir='ltr'><strong>negligentia</strong></span> <span class='ocrx_word' id='word_1_278' title='bbox 1121 3882 1156 3944; x_wconf 88' lang='lat' dir='ltr'><strong>K’</strong></span> <span class='ocrx_word' id='word_1_279' title='bbox 1176 3878 1356 3964; x_wconf 81' lang='lat' dir='ltr'><strong>intercidit,</strong></span> <span class='ocrx_word' id='word_1_280' title='bbox 1377 3883 1489 3946; x_wconf 82' lang='lat' dir='ltr'><strong>statim</strong></span> 
     </span>
     <span class='ocr_line' id='line_1_35' title="bbox 304 3979 877 4067; baseline -0.01 -13"><span class='ocrx_word' id='word_1_281' title='bbox 304 3986 499 4054; x_wconf 74' lang='lat' dir='ltr'><strong>tralaticium</strong></span> <span class='ocrx_word' id='word_1_282' title='bbox 523 3985 565 4054; x_wconf 78' lang='lat' dir='ltr'><strong>rie</strong></span> <span class='ocrx_word' id='word_1_283' title='bbox 590 3979 719 4048; x_wconf 78' lang='lat' dir='ltr'><strong>&#39;AtiAO</strong></span> <span class='ocrx_word' id='word_1_284' title='bbox 743 3984 877 4067; x_wconf 88' lang='lat' dir='ltr'><strong>irrepsit.</strong></span> 
     </span>
    </p>

    <p class='ocr_par' dir='ltr' id='par_1_10' title="bbox 302 4088 1491 4497">
     <span class='ocr_line' id='line_1_36' title="bbox 350 4088 1491 4174; baseline -0.004 -15"><span class='ocrx_word' id='word_1_285' title='bbox 350 4092 475 4159; x_wconf 87' lang='lat' dir='ltr'><strong>Addam</strong></span> <span class='ocrx_word' id='word_1_286' title='bbox 506 4089 568 4154; x_wconf 93' lang='lat' dir='ltr'><strong>duo</strong></span> <span class='ocrx_word' id='word_1_287' title='bbox 599 4088 743 4172; x_wconf 80' lang='lat' dir='ltr'><strong>exempla</strong></span> <span class='ocrx_word' id='word_1_288' title='bbox 774 4088 916 4153; x_wconf 90' lang='lat' dir='ltr'><strong>eiusdem</strong></span> <span class='ocrx_word' id='word_1_289' title='bbox 944 4091 1180 4174; x_wconf 87' lang='lat' dir='ltr'><strong>compositionis</strong></span> <span class='ocrx_word' id='word_1_290' title='bbox 1204 4095 1289 4156; x_wconf 87' lang='lat' dir='ltr'><strong>certa</strong></span> <span class='ocrx_word' id='word_1_291' title='bbox 1311 4095 1342 4157; x_wconf 87' lang='lat' dir='ltr'><strong>et</strong></span> <span class='ocrx_word' id='word_1_292' title='bbox 1364 4091 1491 4157; x_wconf 87' lang='lat' dir='ltr'><strong>indubi-</strong></span> 
     </span>
     <span class='ocr_line' id='line_1_37' title="bbox 302 4193 1489 4276; baseline -0.005 -10"><span class='ocrx_word' id='word_1_293' title='bbox 302 4205 379 4266; x_wconf 79' lang='lat' dir='ltr'><strong>tata.</strong></span> <span class='ocrx_word' id='word_1_294' title='bbox 420 4194 697 4275; x_wconf 79' lang='lat' dir='ltr'><strong>Quemadmodum</strong></span> <span class='ocrx_word' id='word_1_295' title='bbox 729 4194 829 4258; x_wconf 81' lang='lat' dir='ltr'><strong>dixit:</strong></span> <span class='ocrx_word' id='word_1_296' title='bbox 863 4195 922 4272; x_wconf 74' lang='grc' dir='ltr'><strong>ἐγὼ</strong></span> <span class='ocrx_word' id='word_1_297' title='bbox 954 4193 986 4259; x_wconf 73' lang='grc' dir='ltr'><strong><em>δέ</em></strong></span> <span class='ocrx_word' id='word_1_298' title='bbox 1017 4203 1070 4259; x_wconf 77' lang='grc' dir='ltr'><strong>ΚΘ</strong></span> <span class='ocrx_word' id='word_1_299' title='bbox 1100 4199 1176 4261; x_wconf 75' lang='grc' dir='ltr'><strong>λαὸν</strong></span> <span class='ocrx_word' id='word_1_300' title='bbox 1199 4197 1329 4276; x_wconf 73' lang='grc' dir='ltr'><strong><em>ἀγείροι,</em></strong></span> <span class='ocrx_word' id='word_1_301' title='bbox 1354 4201 1402 4262; x_wconf 80' lang='lat' dir='ltr'><strong>et:</strong></span> <span class='ocrx_word' id='word_1_302' title='bbox 1428 4197 1489 4274; x_wconf 75' lang='grc' dir='ltr'><strong>ἐγὼ</strong></span> 
     </span>
     <span class='ocr_line' id='line_1_38' title="bbox 304 4297 1489 4388; baseline -0.002 -18"><span class='ocrx_word' id='word_1_303' title='bbox 304 4305 336 4370; x_wconf 73' lang='grc' dir='ltr'><strong><em>δέ</em></strong></span> <span class='ocrx_word' id='word_1_304' title='bbox 367 4303 404 4367; x_wconf 86' lang='lat' dir='ltr'><strong>K&#39;</strong></span> <span class='ocrx_word' id='word_1_305' title='bbox 435 4299 525 4379; x_wconf 67' lang='lat' dir='ltr'><strong>lya,</strong></span> <span class='ocrx_word' id='word_1_306' title='bbox 558 4306 590 4367; x_wconf 86' lang='lat' dir='ltr'><strong>et</strong></span> <span class='ocrx_word' id='word_1_307' title='bbox 620 4298 675 4367; x_wconf 85' lang='grc' dir='ltr'><strong>κού</strong></span> <span class='ocrx_word' id='word_1_308' title='bbox 702 4297 739 4364; x_wconf 67' lang='lat' dir='ltr'><strong>K*</strong></span> <span class='ocrx_word' id='word_1_309' title='bbox 763 4297 792 4363; x_wconf 92' lang='grc' dir='ltr'><strong>ἐν</strong></span> <span class='ocrx_word' id='word_1_310' title='bbox 817 4300 954 4366; x_wconf 85' lang='grc' dir='ltr'><strong><em>νεκύεσσι</em></strong></span> <span class='ocrx_word' id='word_1_311' title='bbox 978 4301 1111 4384; x_wconf 78' lang='grc' dir='ltr'><strong><em>φσιεένω,</em></strong></span> <span class='ocrx_word' id='word_1_312' title='bbox 1137 4305 1182 4368; x_wconf 89' lang='lat' dir='ltr'><strong>sic</strong></span> <span class='ocrx_word' id='word_1_313' title='bbox 1205 4305 1293 4368; x_wconf 90' lang='lat' dir='ltr'><strong>etin</strong></span> <span class='ocrx_word' id='word_1_314' title='bbox 1316 4300 1429 4388; x_wconf 83' lang='lat' dir='ltr'><strong>Odyss.</strong></span> <span class='ocrx_word' id='word_1_315' title='bbox 1455 4311 1489 4368; x_wconf 85' lang='lat' dir='ltr'><strong>P.</strong></span> 
     </span>
     <span class='ocr_line' id='line_1_39' title="bbox 307 4407 542 4497; baseline -0.013 -18"><span class='ocrx_word' id='word_1_316' title='bbox 307 4407 382 4480; x_wconf 78' lang='lat'><strong>418.</strong></span> <span class='ocrx_word' id='word_1_317' title='bbox 405 4407 542 4497; x_wconf 76' lang='lat' dir='ltr'><strong>legitur:</strong></span> 
     </span>
    </p>
   </div>
   <div class='ocr_carea' id='block_1_3' title="bbox 0 0 1695 5086">
    <p class='ocr_par' dir='ltr' id='par_1_11' title="bbox 0 0 1695 5086">
     <span class='ocr_line' id='line_1_40' title="bbox 0 0 1695 5086; baseline 0 0"><span class='ocrx_word' id='word_1_318' title='bbox 0 0 1695 5086; x_wconf 95' lang='lat' dir='ltr'><strong> </strong></span> 
     </span>
    </p>
   </div>
  </div>
 </body>
</html>
