3356 5086
889 332 955 400 ³10

329 509 439 601 σκεδῶ,
471 530 504 590 et
534 529 631 602 τετύ,
661 525 823 599 ύνατετΐι,
847 529 879 589 et
902 529 975 604 κεριδ
999 529 1032 589 et
1054 523 1158 608 βιβύ,
1181 520 1326 602 βιβῶμαι
1351 527 1383 588 et
1407 543 1447 588 ex
1471 539 1527 586 κο-

328 631 413 712 κύζω
437 637 592 709 κοκῶμαι,
616 635 648 695 et
670 649 770 716 pauea
791 628 947 715 quaedam
971 629 1035 696 alia
1054 629 1187 696 eandem
1207 632 1316 695 omnia
1335 626 1527 715 analogiam

330 743 447 802 aeeuta.
1011 783 1017 794 ,

375 842 478 908 Verba
508 843 547 907 de
573 861 687 929 genere
710 842 770 906 hoe
793 841 943 922 ύέερέέσύω
965 841 1115 905 dicuntur
1140 851 1162 904 c
1186 843 1221 904 in
1241 840 1350 905 futuro
1374 859 1523 918 servare,

330 945 404 1028 ζέω,
436 947 513 1025 ξέω,
542 949 614 1028 τρέω
640 953 673 1012 et
696 947 816 1012 formae
839 947 1011 1031 productae
1033 943 1135 1024 ένννμι
1158 946 1350 1028 οἶμφιένννριι
1373 950 1405 1011 et
1428 944 1526 1024 σβέν·

330 1077 415 1131 ννμι,
436 1053 659 1133 οέτοσβέννωροι.
694 1051 757 1118 Sed
778 1051 872 1133 ζέσω,
893 1049 969 1127 ξέσω
991 1057 1023 1117 et
1041 1051 1136 1132 τρέσω
1158 1072 1315 1137 nusquam
1334 1051 1418 1117 mihi
1437 1049 1525 1116 lecta

331 1163 414 1224 aunt.
462 1159 626 1243 Ἀρφιέσω
652 1161 756 1224 estin
780 1156 894 1244 Odyea.
917 1167 955 1223 E.
982 1154 1057 1223 167.

468 1265 568 1346 αύτοδρ
593 1265 653 1344 ἐγὼ
678 1272 760 1330 σΐτον
774 1301 816 1312 -
830 1263 940 1338 ἐνύιΐσω
954 1301 995 1312 -
1009 1259 1129 1342 εΐρισιτιέ
1152 1269 1191 1350 τ’Ἰ
1206 1263 1408 1345 ιΐροφιέσω.

377 1370 510 1437 Formae
532 1369 609 1435 έσσω
634 1368 747 1456 Odyas.
770 1377 811 1434 N.
838 1367 914 1434 400.

696 1475 784 1557 ἀμφὶ
808 1476 839 1541 δὲ
863 1482 980 1554 λαῖφος
1005 1473 1120 1540 ἕσσω.

334 1603 389 1647 eur
411 1585 534 1647 nonsit
554 1581 605 1646 hie
624 1581 768 1647 habenda
786 1583 868 1646 ratio
887 1581 970 1647 infra
989 1581 1164 1647 ostendam.
1188 1579 1405 1659 Κατωσβέσεις
1422 1579 1521 1646 semel

333 1685 454 1774 legitur
476 1689 510 1751 in
532 1686 752 1771 Auatophanis
774 1686 944 1771 Ιρεΐείτούα
965 1708 1012 1752 vs.
1039 1684 1113 1752 375.

425 1793 535 1870 τούμὸν
559 1790 596 1856 σὺ
620 1795 679 1870 τύρ
703 1791 930 1868 κατασβέσεις,
955 1788 1079 1872 τοῦργον
1102 1791 1182 1870 τάχ’
1208 1793 1284 1858 αύτδ
1307 1789 1409 1867 δείξει.

337 1900 424 1963 etin
447 1901 577 1983 antiquo
599 1896 725 1962 oraculo
748 1897 832 1982 apud
853 1896 1054 1962 Herodotum
1077 1915 1145 1963 vm.
1169 1895 1221 1965 77.

473 2001 523 2067 δΐα
544 2003 611 2076 δέκιι
637 2003 806 2080 σβέσσει
832 2003 974 2084 κρατερὸν
998 2000 1088 2083 Κύρον
1108 2001 1233 2083 Ὕβριος
1258 2003 1327 2068 ον’ύν.

339 2114 371 2174 et
393 2108 443 2173 bie
465 2109 550 2194 apud
573 2108 770 2195 Aeschylum
791 2109 902 2192 Septem
925 2130 971 2176 νε.
998 2104 1073 2174 556.
1097 2109 1144 2180 τΐς
1169 2107 1360 2187 κατασβέσει
1383 2107 1471 2186 δΐκνς
1492 2112 1525 2174 et

339 2219 505 2296 Αρσνιοιιιιι.
531 2212 607 2278 932.
632 2216 678 2284 τίς
704 2213 736 2277 δέ
758 2238 799 2280 νιν
821 2213 1034 2292 κατασβέσεις
1059 2236 1160 2300 nequa
1181 2235 1318 2301 usquam
1340 2215 1421 2283 alibi
1439 2215 1525 2280 futu·

337 2341 411 2384 rum
435 2318 537 2394 σβέσω
564 2319 648 2383 mihi
668 2321 775 2384 visum
799 2325 855 2385 eat.

384 2424 530 2490 Verbum
543 2432 614 2503 χεΐν
632 2425 730 2490 habet
747 2427 782 2489 in
799 2427 908 2494 Attice
927 2426 1073 2491 futurum
1092 2426 1177 2506 χέω,
1197 2433 1289 2505 χεῖε,
1308 2433 1367 2506 χεῖ
1387 2430 1423 2490 ut
1443 2424 1526 2490 mul-

339 2532 381 2595 tis
411 2529 564 2616 exemplis
593 2531 882 2596 demonstravimus
914 2533 948 2596 in
980 2532 1058 2602 Ver.
1084 2533 1176 2596 ύοιίι.
1202 2551 1277 2620 pag.
1303 2530 1378 2596 123.
1403 2528 1470 2596 263
1494 2535 1527 2596 et

340 2633 416 2700 607.
452 2635 546 2720 Apud
570 2633 756 2706 Homerum⁴
771 2636 917 2702 futurum
941 2643 990 2702 est
1011 2635 1105 2718 χεύω.
1141 2634 1303 2722 Campona
1324 2636 1409 2702 mihi
1432 2635 1526 2700 hosce

340 2742 419 2806 duos
442 2762 481 2806 ex
504 2738 644 2826 Odyssea
667 2739 751 2806 locos
776 2754 816 2808 A.
842 2741 918 2806 289.

473 2847 499 2910 εἰ
525 2845 556 2910 δέ
580 2871 614 2914 κε
638 2847 799 2920 τεύνκῶτος
820 2847 953 2926 ιἰκούσρς
977 2848 1049 2924 μηδ’
1074 2844 1119 2911 ἔτ’
1140 2845 1258 2925 ε’ύντος,

476 2950 563 3029 σῆμού
587 2952 623 3015 τέ
646 2953 671 3017 οἱ
690 2955 815 3032 χεύαι
840 2955 891 3016 καὶ
916 2952 965 3016 ε’τΐ
989 2953 1099 3033 κτέρεα
1123 2955 1278 3034 κτερεΐξαι

477 3057 584 3121 πολλοὶ
607 3056 686 3134 μέλ’
709 3054 788 3122 ύσσα
812 3056 888 3122 ἔοικε
911 3057 964 3123 καὶ
988 3059 1068 3138 ύνέρι
1092 3061 1211 3140 μητέρα
1236 3058 1347 3122 δοῦναι.

340 3169 373 3228 ού
395 3175 428 3229 ΒΔ
454 3162 531 3229 220.

477 3272 502 3334 εΐ
526 3268 558 3333 δέ
582 3292 616 3333 κε
639 3271 802 3344 τεθνηῶτος
825 3269 943 3334 οΐκούσω
968 3271 1040 3347 μηδ’
1064 3267 1107 3334 έ’
1131 3269 1245 3348 ἐύντοι,

476 3375 564 3451 σῆμοέ
588 3373 623 3438 τέ
647 3375 672 3440 οΐ
697 3376 804 3455 χεύω
828 3376 881 3440 καὶ
906 3375 956 3439 ε’τὶ
982 3374 1091 3454 κτέρεα
1113 3374 1252 3454 κτερεΐξω

476 3480 584 3546 πολλοὶ
605 3479 686 3558 μέλ’
709 3477 788 3545 έσσα
812 3478 887 3546 έοικε
911 3479 963 3544 καὶ
989 3479 1069 3560 οΐνέρι
1093 3479 1211 3560 μητέρα
1236 3479 1328 3544 δύσω.

341 3589 430 3656 videa
461 3593 510 3652 ter
540 3588 694 3651 aoristum
724 3588 758 3650 in
779 3587 926 3671 futuram
958 3589 1112 3652 converti:
1143 3591 1240 3666 χεῦαι
1260 3623 1303 3634 -·-
1316 3582 1468 3665 κτερεΐξαι
1484 3621 1524 3634 -

341 3694 440 3758 δούναι
464 3695 498 3756 in
520 3689 810 3772 χεύω-κτερεΐξω
826 3728 866 3739 -
881 3691 980 3768 δύσω,
1005 3693 1113 3776 itaqua
1136 3692 1189 3758 vel
1217 3691 1293 3757 hine
1320 3689 1526 3756 manifestum

342 3805 391 3866 eet
419 3799 555 3863 formam
583 3797 667 3876 χεύω
682 3797 794 3882 futuri
816 3799 968 3882 temporie
991 3799 1153 3861 notionem
1177 3797 1301 3862 habere.
1347 3798 1528 3862 Annoutur

343 3906 382 3972 ed
414 3915 447 3969 B.
479 3902 555 3967 222.
585 3901 686 3984 χεύωι
719 3909 913 3978 Πτολεμαῖος
946 3900 959 3965 ύ
992 3906 1044 3966 τοῦ
1068 3902 1229 3983 Ὀροοΐνδου
1261 3901 1360 3982 χεύω
1391 3900 1526 3983 νροέΦει,

343 4011 395 4077 καδ
420 4011 616 4090 Ἀρΐςαρχος.
641 4007 818 4087 Ἡρωδιανὸς
843 4007 873 4072 δέ
900 4008 1024 4090 χεύω,
1049 4005 1083 4072 ἵν’
1107 4005 1124 4088 ,ἦ
1149 4008 1252 4080 ένεςιδε
1277 4007 1345 4072 ούντΐ
1371 4011 1424 4072 τού
1449 4007 1529 4084 μέλ·

344 4133 456 4188 κοντος.
492 4113 681 4178 Rectissime
701 4111 843 4178 Dindorf.
868 4116 1020 4178 correxit:
1044 4115 1227 4193 Ἀρΐτιιρχος
1253 4113 1283 4178 δὲ
1308 4112 1359 4176 καὶ
1384 4112 1529 4191 Ἡρωδια·

347 4226 392 4296 νὸς
417 4219 540 4302 χεύω,
567 4225 636 4284 tum
661 4225 816 4304 expuncto
840 4219 974 4285 articulo
997 4220 1115 4286 scribe:
1139 4218 1175 4284 ἵν’
1199 4217 1215 4300 ᾖ
1238 4219 1343 4289 ἐνετὼς
1362 4217 1431 4282 ύντΐ
1452 4217 1529 4296 ρέο-

345 4344 459 4398 λοντος.

391 4432 473 4506 Eece
492 4431 610 4495 iterum
625 4451 768 4516 ρτοεεσκι
779 4451 838 4513 pro
849 4430 975 4514 futuro.
1014 4429 1098 4510 Quid
1117 4429 1236 4498 diceres
1255 4431 1284 4524 εἰ
1305 4430 1461 4516 seriptum
1484 4449 1530 4498 aa·
