3348 5086
887 369 953 436 370

501 581 510 598 ⁴
620 561 674 637 35³⁵!
698 559 762 641 γὰρ
785 558 870 642 φάος
887 555 967 622 'Heu
990 557 1041 624 ἐπὶ
1065 556 1183 638 χθόνα,

325 665 379 733 sed
410 672 447 732 tu
474 688 591 734 revees
617 669 793 755 fugdtiram
823 665 989 731 literulam
1019 685 1056 730 ae
1087 661 1223 728 rescribe
1246 659 1341 725 ἯΙεν
1365 655 1443 744 (ᾖεν)
1468 657 1517 722 ἐπὶ

324 771 440 852 χθόνα,
465 774 698 861 quodpropter
722 772 771 836 ἐπὶ
795 770 901 854 χθόνΛ
927 773 1000 855 (non
1024 769 1123 854 χθονί)
1147 769 1360 834 necessarium
1383 769 1442 830 est.

372 877 505 965 Saepius
524 878 726 946 Aristarchus
744 899 801 964 pro
819 875 868 952 ἦεν
888 879 1031 962 reposuit
1050 874 1118 958 ᾖεν,
1136 873 1238 939 veluti
1257 871 1369 958 Odyss.
1385 882 1423 936 Σ.
1441 870 1518 936 253.

552 988 636 1062 μετὰ
660 993 738 1051 τνῖσν
763 983 791 1049 δ’
817 983 890 1061 ἐμὸς
915 983 1002 1054 τάσις
1027 977 1075 1055 ἦεν
1098 979 1277 1050 Ὀδυσσεύς.

325 1089 382 1154 ubi
404 1089 583 1177 Didymus:
615 1088 679 1173 ἦεν
712 1092 765 1156 σὺν
796 1091 839 1170 τῷ
874 1100 887 1155 1
919 1089 1101 1168 Ἀρίςαρχνς
1132 1088 1184 1151 καὶ
1219 1082 1426 1166 Ἀρνςνφνὶννς
1451 1083 1519 1148 ἀντὶ

324 1201 378 1261 τοῦ
402 1192 464 1269 ἦεν
487 1199 609 1285 porrige
641 1197 710 1262 dart
743 1200 797 1261 τοῦ
832 1196 887 1278 ἦεν.
935 1195 1121 1260 Promisoue
1144 1193 1229 1278 apud
1250 1191 1431 1258 Homerum
1456 1189 1521 1265 ἤϊεν

322 1309 355 1368 et
378 1299 428 1384 ἦεν
450 1305 526 1388 poni
548 1303 660 1370 solent.

883 1613 964 1680 LVI.

626 1833 877 1921 xAcmohlAI
902 1861 945 1873 —
969 1837 1231 1888 mutassemus.

374 2035 411 2100 ln
434 2034 569 2101 Homeri
588 2035 750 2112 versibus,
771 2053 907 2120 quorum
928 2051 1022 2098 nemo
1041 2035 1088 2098 est
1108 2033 1199 2097 testis
1219 2037 1251 2098 et
1271 2041 1379 2100 auctor
1397 2039 1528 2120 praeter

329 2139 460 2209 Oodioes
484 2144 539 2228 qui
562 2141 657 2206 hodie
677 2145 864 2225 supersunt,
884 2159 977 2224 saepe
996 2140 1141 2205 invenias
1159 2140 1316 2204 immanes
1332 2140 1441 2207 hiatus
1459 2163 1528 2208 non

242 2235 248 2260 ⁸
329 2253 493 2313 cantorum
526 2251 672 2314 veterum
703 2247 826 2311 incuria
857 2245 911 2310 sed
945 2245 1121 2310 scribarum
1154 2247 1306 2330 sequioris
1337 2233 1450 2313 aetatis
1474 2269 1527 2314 so-

330 2354 437 2420 eordia
466 2359 557 2419 natos
587 2358 620 2418 et
649 2351 807 2438 probabili
837 2352 1059 2418 emendatione
1091 2352 1317 2431 removendos,
1353 2352 1457 2419 veluti
1488 2358 1528 2420 in

330 2457 422 2524 Iliad.
447 2469 487 2524 Ψ.
514 2457 567 2526 71.

488 2564 587 2630 dature
611 2590 653 2644 με
676 2561 743 2630 ὅττι
769 2565 894 2645 τάχνςνν
918 2565 1023 2637 τύλαν
1048 2565 1169 2630 ’ardeo
1193 2565 1323 2646 τερνὶτω.

328 2671 385 2736 uhi
413 2691 476 2736 non
507 2676 634 2738 tautum
666 2674 803 2758 turpiter
833 2671 924 2736 hiant
957 2673 1084 2736 numeri
1110 2673 1145 2735 in
1171 2694 1212 2748 με
1236 2669 1320 2748 ὅττι,
1343 2672 1397 2736 sed
1421 2676 1525 2740 etiam

331 2779 435 2843 omnis
463 2777 633 2843 verborum
665 2779 854 2862 compositio
884 2776 1051 2842 claudicat.
1101 2776 1185 2856 Quid
1216 2783 1264 2842 est
1292 2781 1375 2844 enirn
1399 2781 1525 2857 περήσω

331 2889 364 2948 et
386 2881 469 2948 unde
491 2880 628 2969 pendet?
662 2883 792 2969 Optime
815 2885 923 2949 omnia
946 2904 979 2948 se
1003 2882 1167 2949 habebunt
1188 2885 1245 2949 ubi
1273 2887 1461 2950 oorrexeris:

488 2989 588 3054 θνέττε
613 2991 648 3067 μ’
672 2985 781 3055 δ’ΠΩΩ
802 2987 938 3057 ’ὯΚνςνν
963 2988 1068 3061 adano
1089 2987 1209 3054 ’aritae
1233 2991 1362 3068 περήσω.

374 3095 446 3162 Non
468 3097 576 3161 minus
599 3095 690 3162 toeda
709 3100 757 3160 est
779 3094 915 3183 vulgata
937 3094 1034 3161 leutio
1057 3093 1171 3182 Odyss.
1195 3113 1226 3162 a.
1255 3095 1330 3162 144.
1430 3077 1435 3088 ⁸

512 3201 612 3279 τεντὲ,
637 3200 734 3280 :stas
757 3206 820 3274 τῶς
845 3199 897 3266 κέν
920 3225 961 3278 ur
986 3201 1134 3279 ἀναγνοίη
1158 3204 1209 3268 τὸν
1237 3201 1338 3269 ἐδντνν.

330 3307 385 3374 sed
407 3307 495 3374 faeili
517 3308 646 3395 negotio
669 3310 881 3373 restituentur
902 3310 1030 3372 numeri
1053 3309 1098 3373 sio

600 3414 739 3486 ὈΠντως
765 3412 800 3478 κέ
823 3415 858 3489 μ’
883 3413 1032 3491 ἀναγνοίη
1059 3414 1110 3479 τὸν
1134 3413 1233 3481 ἐόντα.

374 3518 411 3583 In
440 3519 551 3585 eodem
580 3517 738 3606 Odysseae
767 3517 850 3584 libro
880 3533 913 3583 a.
940 3517 993 3584 52.
1018 3541 1081 3586 non
1105 3524 1215 3587 minus
1237 3521 1392 3588 molestus
1415 3521 1532 3591 hiatus

331 3630 379 3691 est
402 3627 436 3689 in
463 3625 586 3691 verbis:

624 3733 658 3796 od
681 3730 745 3811 γάρ
770 3755 816 3796 πω
841 3730 993 3796 ἐτέθαπτο
1019 3731 1078 3797 ὑπὸ
1105 3732 1221 3812 χθονό.

329 3858 409 3924 quae
431 3857 523 3903 aures
551 3837 632 3904 ferre
661 3843 794 3924 possunt
824 3841 858 3902 in
881 3837 1074 3903 mollissimo
1096 3842 1236 3905 earmina
1259 3839 1432 3908 Homerico
1455 3841 1530 3906 aa·

329 3946 429 4009 θντνν
453 3941 532 4008 dard?
567 3943 652 4024 Quid
674 3941 799 4032 igitur?
834 3943 962 4029 Repone
986 3947 1251 4032 praepositionem
1272 3951 1306 4013 in
1329 3947 1388 4015 tali
1406 3971 1441 4015 re
1459 3953 1532 4014 nsi-

332 4055 451 4117 tutam:

580 4158 613 4221 οὐ
635 4155 699 4236 γάρ
723 4181 770 4222 τιν
796 4157 947 4222 tritomo
974 4167 1090 4225 ΚΑΤΑ
1114 4159 1231 4239 χθννδς.

331 4267 363 4328 st
386 4283 436 4328 res
458 4261 547 4330 salva
571 4264 639 4328 erit
