3304 5090
706 350 773 418 289

158 545 186 605 et
201 541 336 626 graviter
355 543 388 604 st
407 558 447 604 ex
467 542 566 606 animi
586 542 742 607 sententia
761 542 896 608 seribere
916 543 1109 628 magistrum
1125 545 1230 609 neseio
1242 565 1337 629 quem

157 645 203 730 (ad
232 644 340 731 Odyss.
372 663 405 712 Α.
440 642 506 724 75.)
554 645 704 733 Ulyssem
736 665 803 712 esse
833 649 880 714 its
902 647 1099 734 appellatum
1122 647 1225 724 ἐπειδὴ
1251 650 1337 714 κατὰ

156 753 203 824 sta
231 751 295 814 ssa
326 745 396 814 ὗσεν
428 751 442 814 d
476 749 575 822 zsdst
621 751 732 835 Itaque
765 752 843 818 haee
873 773 996 838 quoque
1020 756 1127 820 omnia
1151 775 1339 840 seponamus

154 877 300 922 memores
331 857 409 922 dieti
440 855 583 926 Tulliani
605 860 642 922 de
664 858 770 922 Divis.
796 856 836 923 II.
864 861 882 943 ς
909 859 982 924 119.
1005 861 1059 922 aed
1080 860 1175 924 aeaeis
1199 863 1338 946 quamodo

154 962 228 1024 sitit
254 969 313 1026 tuas
342 965 469 1028 aravardo
498 963 560 1027 diei
583 971 681 1048 pateat
704 965 784 1049 qnod
805 985 863 1026 οιοιι
888 965 1008 1030 dicatur
1031 965 1067 1028 ad
1091 967 1191 1052 aliquo
1209 967 1339 1050 philoro-

146 1068 278 1152 οάοιννο,
313 1067 397 1154 qnod
427 1089 489 1134 non
520 1071 581 1134 erit
611 1071 719 1134 minus
748 1089 822 1136 aare
843 1069 980 1159 {dietam
1004 1071 1032 1134 si
1054 1071 1257 1138 substituetis
1282 1074 1339 1150 „ab

152 1173 248 1258 νιίᾳυο
270 1171 579 1240 ουλυυοσιοουσοά.

721 1485 765 1551 11.

433 1697 568 1763 ‘EANA
592 1734 634 1746 -
659 1705 815 1764 Melam
841 1735 883 1748 -
909 1707 1042 1766 ΔΩΡΑ.

194 1909 241 1977 Od
267 1931 306 1976 ss.
330 1919 369 1975 A.

243 1933 319 2084 277.
367 2014 447 2080 otti
471 2013 576 2093 γάμον
599 2011 738 2088 τεύξουσι
763 2013 815 2078 καὶ
841 2015 1031 2095 ἀρτυνέουσιν
1056 2016 1143 2083 ἔεδνα

241 2121 315 2190 278.
365 2123 470 2186 πολλοὶ
495 2123 582 2198 μάλ,
608 2117 687 2184 ὅσσα
711 2120 789 2186 ἔοικε
813 2121 911 2198 Φίλος
936 2123 986 2186 ἐπὶ
1011 2123 1118 2196 παιδὸς
1142 2119 1287 2203 ἕπεσθαι,

239 2228 315 2295 279.
362 2229 407 2292 σοὶ
434 2228 459 2292 δ’
484 2230 567 2306 αὐτῷ
592 2234 723 2299 πυκινῶς
748 2229 937 2302 ὑποθήσομαι
960 2229 996 2294 αἵ
1018 2254 1052 2295 κε
1078 2231 1195 2305 πίθηαι.

195 2341 365 2402 annotatur
388 2335 427 2400 ad
451 2356 498 2399 vs.
526 2331 608 2400 277:
632 2329 718 2406 οὗτος
740 2333 770 2398 δὲ
792 2335 806 2399 ὁ
826 2335 913 2415 sixte
935 2335 966 2400 ἐν
986 2347 1024 2416 τῇ
1046 2337 1132 2402 κατὰ
1152 2339 1267 2401 ‘asarta
1288 2339 1341 2402 oda

148 2437 199 2516 ἦν,
231 2441 400 2507 manifesto
424 2461 536 2506 errore.
583 2438 668 2505 Olim
695 2461 794 2524 quum
817 2440 1017 2505 Marcianum
1043 2439 1193 2509 Codiaem
1217 2449 1342 2510 excute·

147 2569 215 2614 rem
239 2547 374 2612 subnata
394 2546 476 2610 mihi
500 2547 638 2630 suspicio
663 2553 711 2610 est
733 2567 779 2610 vs.
801 2544 877 2610 283.
899 2547 983 2630 apud
1003 2546 1165 2612 Rhianum
1185 2551 1341 2615 omissum
1442 2629 1444 2632 Ι

147 2655 256 2720 fuisse.
301 2653 396 2718 Nune
419 2671 481 2717 non
504 2651 618 2715 dubito
642 2653 718 2735 quin
742 2649 885 2716 Rhianus
908 2654 1054 2717 omiserit
1079 2675 1124 2718 vs.
1149 2653 1216 2718 278

284 2761 391 2824 πολλοὶ
416 2757 507 2835 μάλ’.
533 2753 612 2820 ὅσσα
635 2755 712 2820 ἔοικε
735 2759 830 2836 Φίλος
855 2758 905 2820 ἐπὶ
931 2757 1039 2829 παιδὸς
1064 2757 1202 2825 ἕπεσθαι.

148 2867 299 2952 qnoniam
329 2871 361 2929 et
390 2863 546 2928 molestus
578 2868 626 2927 est
655 2869 687 2926 et
717 2883 790 2926 anm
815 2869 900 2927 certa
923 2861 1113 2930 Homericae
1137 2868 1250 2931 aetatis
1272 2887 1343 2932 eon-

148 2971 317 3038 suetudine
340 2976 473 3057 pugnat.
522 2965 735 3033 Contunditur
758 2969 843 3031 enim
868 2974 991 3032 eertum
1013 2989 1049 3034 aa
1070 2976 1259 3054 perpetuum
1281 2972 1343 3036 dis·

149 3081 269 3145 crimen
294 3081 377 3142 inter
400 3075 472 3140 ἕδνα
496 3079 528 3139 et
549 3077 674 3150 μείλια,
695 3075 729 3136 in
749 3092 811 3157 qua
830 3093 863 3137 re
883 3094 982 3157 quum
1004 3071 1138 3139 Critiaos
1158 3075 1344 3142 Alexandri·

148 3203 207 3248 nus
227 3202 328 3247 errare
348 3184 504 3266 suspicer,
524 3183 666 3264 primum
686 3199 794 3243 aemam
808 3181 998 3244 sententiam
1013 3199 1108 3264 quam
1126 3180 1345 3248 disertissimis

150 3289 344 3352 testimoniis
363 3286 556 3352 declaratam
576 3303 759 3368 proponam.
791 3283 979 3368 Apollonius
997 3307 1027 3350 v.
1052 3288 1343 3367 ’λλφεσίβονανε

151 3394 364 3460 ἀλΦαίνουσαι
386 3391 487 3472 βόας,
512 3392 596 3454 τοῦτ’
620 3391 682 3458 ἔςιν
708 3389 1045 3465 'amnemamnem
1073 3393 1097 3456 οἱ
1121 3395 1184 3472 γὰρ
1209 3399 1345 3472 γαμοῦν-

151 3521 202 3568 σες
223 3499 359 3563 ἐδίδοσαν
379 3505 450 3570 ταῖς
471 3495 687 3576 γαμουμέναις
707 3494 787 3572 βόας
808 3495 860 3558 καὶ
882 3495 924 3559 σοὶ
942 3493 1032 3571 ὅμοια
1048 3501 1142 3575 μήπω
1155 3499 1344 3577 νομίσματος

154 3605 322 3685 εὑρημένου.

199 3711 268 3776 ἔνθα
291 3711 349 3786 μὲν
374 3709 462 3785 ἠΐθεοι
487 3707 539 3772 καὶ
565 3704 702 3785 παρθένοι
727 3706 944 3786 ἀλφεσίβοιαι.
969 3706 1072 3787 (Iliad.
1100 3717 1135 3772 Σ.
1164 3706 1254 3787 593.)

153 3817 209 3882 ubi
240 3817 384 3903 primum
408 3815 541 3880 emenda
564 3813 790 3892 ἀλΦΑνουσαν,
814 3833 877 3878 non
901 3815 988 3879 enim
1013 3813 1076 3878 alia
1099 3813 1200 3879 forma
1224 3813 1346 3880 Graeca

154 3928 202 3988 est
225 3927 275 4006 (ut
298 3922 381 3987 infra
403 3921 580 4006 estendam)
603 3941 701 4006 quam
724 3922 865 3996 ἀλΦΑνυ
889 3918 1070 4004 penultima
1091 3919 1181 3986 brevi
1200 3924 1233 3985 et
1252 3923 1346 3985 aoris-

154 4032 206 4093 tus
230 4026 340 4105 ἦλφον.
382 4026 503 4093 Deinde
524 4046 581 4112 pro
604 4026 930 4105 ἈΝΛλαμβάνουσαν
957 4045 1032 4091 vera
1054 4023 1149 4092 lertio
1169 4030 1217 4091 est
1237 4021 1345 4091 ἔΔΝΛ

156 4133 389 4210 λαμβάνουσαι.

204 4237 286 4306 Cum
309 4237 460 4306 hocloco
483 4240 626 4325 primum
651 4258 804 4324 compone
825 4237 934 4302 locum
958 4257 997 4301 ex
1020 4233 1117 4300 Iliad.
1140 4245 1180 4301 A.
1204 4233 1281 4302 242.

566 4346 629 4409 ἀπὸ
653 4352 770 4422 arastis
795 4341 915 4422 ἀλόχου

316 4450 480 4530 κουριδίης,
508 4445 539 4524 ἧς
564 4447 629 4516 odra
652 4449 745 4530 χάριν
769 4448 835 4526 ἴδε,
860 4444 966 4514 πολλοὶ
990 4443 1016 4509 δ’
1040 4441 1156 4508 ἔδωκεν.
