3342 5080
709 355 774 432 547

192 553 355 626 Σοφοκλῆς
382 545 509 626 Acrota·

554 653 608 736 ζῆ,
632 663 719 742 τῖνε,
742 656 873 740 Φὲρβον.

191 759 355 839 Εὐριπίδην
378 761 409 826 ἒν
433 759 543 844 Φρίξῳ·

374 867 412 932 δι’
438 868 559 940 ἐλπίδος
583 867 619 949 ζῆ
644 868 697 933 xci
722 867 761 932 δι’
788 868 910 941 ἐλπίδος
933 867 1059 948 τρέφον.

191 972 253 1039 Hie
274 973 420 1041 cordibus
443 971 593 1042 Graeculi
613 979 646 1040 et
665 974 744 1040 alioe
763 973 848 1041 locos
867 975 1158 1059 commacularunt,
1177 978 1232 1062 qui
1249 997 1334 1044 nunc

147 1082 277 1146 correcti
300 1085 391 1165 eunt,
415 1088 448 1147 et
470 1081 556 1147 hunc
575 1081 682 1147 locum
702 1080 943 1162 Demosthenis,
964 1083 1017 1149 cui
1036 1081 1165 1150 tandem
1184 1083 1334 1150 reddatur

147 1207 258 1252 auum:
283 1186 358 1254 ἀλλ’
380 1186 440 1255 οὐδ’
460 1186 499 1254 ov
522 1186 638 1272 ἔζΩΝ.

191 1445 274 1535 Peg.
300 1442 375 1513 702.
402 1445 455 1513 15.
481 1447 548 1513 ecc
566 1484 608 1495 -
626 1447 782 1528 χρήματα
805 1445 911 1513 πολλὰ
934 1453 990 1522 τῆς
1014 1448 1079 1513 θεοῦ
1103 1447 1156 1512 cci
1180 1455 1238 1514 τῶν
1257 1449 1335 1514 ἐτω-

148 1549 247 1629 νύμων
284 1550 349 1638 [καὶ
382 1560 437 1628 τῆς
469 1550 599 1639 πόλεως]
632 1552 759 1632 ἔχοντα.
804 1551 940 1619 Summo
963 1555 1032 1618 iure
1054 1551 1217 1620 Dobraeus
1240 1558 1338 1624 verba

148 1659 199 1723 xci
224 1666 280 1733 τῆς
304 1657 421 1732 πόλεως
444 1660 554 1745 apuria
577 1680 643 1724 ease
665 1659 896 1744 auspicabatur.
930 1659 1054 1744 Nempe
1077 1662 1120 1725 rat
1142 1667 1196 1734 τῆς
1218 1660 1335 1735 πόλεως

147 1767 302 1848 χρήματα
334 1767 377 1832 τοὶ
408 1791 443 1832 τε
476 1765 541 1847 ἱεροὶ
573 1765 626 1830 xci
658 1765 703 1831 rot
732 1763 802 1829 ὄοιοο
832 1768 866 1830 in
888 1786 921 1831 oe
943 1769 1104 1832 continent
1127 1767 1168 1833 τοὶ
1192 1776 1247 1843 τῆς
1272 1770 1338 1833 θεοῦ

148 1873 200 1939 acl
228 1874 273 1938 τιὶ
305 1880 364 1940 τῶν
393 1873 573 1951 ἐπωνύμων,
603 1870 811 1958 quamobrem
834 1873 1008 1937 absurdum
1032 1877 1080 1938 eet
1102 1874 1213 1958 ιιὶρίωι
1235 1895 1338 1962 genua

147 1981 299 2066 pecuniae
322 2001 437 2066 ponere
460 1999 561 2065 quum
583 1981 616 2044 in
639 1980 734 2044 tertio
757 1978 820 2043 duo
842 1981 947 2064 priore
970 1981 1200 2046 contineantur.

191 2085 314 2153 Eadem
345 2087 384 2153 de
413 2105 508 2152 cauea
537 2105 611 2173 pag.
644 2081 720 2152 703.
755 2081 808 2149 12.
840 2085 865 2150 εἰ
901 2083 933 2149 δέ
962 2108 1009 2157 τις
1040 2081 1104 2151 οἶδέ
1134 2108 1205 2151 τινοο
1238 2088 1337 2162 ήτῶν

150 2193 230 2271 ἱερῶν
256 2191 274 2268 ή
297 2193 464 2264 τῶνόοήων
487 2190 657 2271 χρημάτων
682 2187 798 2270 ἔχοντιέ
822 2214 851 2254 τι
878 2189 946 2278 [τῆς
966 2191 1097 2282 πόλεως]
1120 2193 1244 2269 μηνύειν
1263 2195 1336 2276 πρὸς

148 2299 282 2374 τούτους.
329 2299 440 2385 Inepte
463 2296 627 2365 abundans
648 2305 704 2372 τῆς
729 2296 848 2368 πόλεως
872 2301 1090 2384 expunxerim.

194 2539 274 2628 Peg.
301 2537 375 2608 703.
404 2536 456 2604 15.
485 2540 521 2603 in
544 2539 683 2623 antiquie
705 2537 797 2603 librie
819 2537 979 2605 ferebatur
1000 2537 1113 2604 lectio:
1137 2540 1223 2617 μετὰ
1246 2545 1338 2608 τοῦτ’

149 2649 297 2726 ἕμήνντεν
324 2647 498 2723 Εὐκτήμων
521 2644 605 2724 ἔχειν
629 2643 796 2724 Ἀρχέβιον
820 2644 872 2709 uel
897 2645 1075 2720 Λντιθειῒιρν
1099 2649 1338 2728 τριηροορχήοοιν-

149 2779 207 2827 τιιι
230 2755 387 2835 χρήμιοτιο
411 2774 564 2832 νοονκριο
571 2747 676 2831 pruni.
699 2756 780 2816 tecte
802 2748 1052 2837 Harpocratione
1071 2775 1102 2820 v.
1124 2757 1337 2836 Νονκροιριιιιὶ.

148 2861 237 2930 Idem
269 2859 358 2925 addit
388 2858 548 2943 „fortunae
570 2856 676 2921 mrem
699 2855 758 2938 lapi
781 2856 810 2920 ἐν
834 2863 897 2931 τοῖς
921 2857 1125 2932 Ἀττικιοονοῖς
1157 2868 1339 2945 Νιονκριι-

148 2965 324 3034 recreat?
348 2970 380 3031 et
398 2971 569 3049 utramque
589 2962 759 3028 lectionem
776 2963 1014 3049 interpretatur.
1049 2963 1162 3053 ltaque
1179 2988 1220 3034 ne
1237 2973 1341 3054 auspi·

148 3081 237 3142 catus
262 3071 393 3157 quidem
417 3076 465 3136 cet
487 3089 584 3156 quam
608 3067 744 3134 ridicula
767 3065 862 3134 lectio
886 3075 968 3136 esset
994 3073 1190 3153 νιινκριιρικοὶ.
1226 3073 1275 3140 Ex
1298 3078 1339 3142 iio

148 3201 229 3267 quae
252 3180 402 3244 continuo
425 3180 601 3262 sequuntur
623 3179 752 3259 apparet
774 3174 855 3239 hanc
877 3175 1027 3260 praedam
1052 3198 1090 3243 ex
1113 3181 1245 3269 navigio
1264 3203 1340 3267 quo-

148 3287 221 3354 dam
255 3286 366 3352 feoieee
396 3300 512 3348 navem
534 3279 702 3364 bellicam,
727 3300 807 3366 quae
830 3281 953 3370 legatos
975 3283 1010 3347 in
1032 3282 1160 3350 Cariam
1184 3287 1224 3354 ad
1247 3289 1340 3354 Mau·

148 3393 253 3460 solum
286 3390 433 3457 vehebat.
470 3385 586 3464 ἔλνοβεν
622 3388 640 3461 ή
675 3389 793 3466 τριήρης
828 3387 863 3452 τὸ
899 3395 1002 3453 πλοῖον
1042 3391 1059 3464 ή
1090 3394 1161 3465 τοὺς
1192 3393 1337 3474 πρέσβεις

148 3498 284 3579 ἄροντο.
330 3493 550 3561 Nihilominus
578 3490 811 3576 Harpocration
840 3496 984 3581 graviter
1014 3501 1046 3560 et
1073 3497 1164 3562 docte
1186 3499 1338 3584 interpre-

148 3612 235 3673 tetur
267 3599 453 3684 νοονιιροιρικοέ
483 3621 549 3666 eece
572 3601 614 3664 τοὶ
641 3607 699 3665 τῶν
724 3600 900 3682 ἀρχόντων,
926 3601 1107 3682 νοινκροίρονς
1132 3605 1195 3685 γὰρ
1218 3605 1253 3668 τὸ
1277 3629 1338 3670 τοο-

148 3711 236 3779 aare
258 3711 329 3783 τοὺς
353 3706 509 3789 ἄρχοντος
534 3706 658 3785 ἔλεγον,
682 3705 736 3772 aed
760 3726 822 3792 quo
846 3703 975 3772 tandem
998 3713 1090 3792 pacto
1113 3711 1204 3776 nevis
1224 3710 1257 3774 ιἰι
1276 3713 1338 3778 alto

147 3820 244 3905 potiri
275 3816 415 3903 potuerit
445 3814 579 3900 pecunia
609 3831 719 3878 eorum
748 3814 1016 3900 magistratuum,
1049 3815 1103 3900 qui
1129 3823 1199 3880 cate
1219 3819 1340 3883 caecata
1414 3839 1418 3844 ’

148 3922 247 3989 creari
270 3927 364 3987 coemat
386 3919 476 3986 dcciii
484 3967 493 3998 ,
517 3940 580 3985 non
603 3921 768 4006 cogitavit.
805 3917 841 3985 Si
864 3921 935 4004 quie
954 3919 1053 3985 talem
1071 3921 1235 3988 hominem
1254 3924 1338 3991 nihil

148 4031 289 4119 cogitare
313 4027 449 4111 diceret,
472 4045 575 4090 nonne
597 4025 761 4091 verissime
785 4021 925 4090 diceret?

192 4135 388 4201 Ferebantur
411 4137 518 4197 tamen
541 4129 620 4196 talia
638 4132 673 4195 in
695 4129 801 4210 libris,
827 4131 943 4216 quibua
966 4132 1051 4197 docti
1075 4135 1246 4218 antiquarii
1265 4141 1336 4201 tum

148 4242 330 4316 utebantur,

193 4481 273 4570 Peg.
308 4477 385 4548 703.
418 4477 471 4547 19.
501 4477 623 4550 tacete
653 4476 825 4558 Εὐκτήμων
842 4517 884 4529 -
903 4476 1039 4556 διεξῆλθε
1075 4479 1147 4563 πρὸς
1183 4481 1266 4562 ιἰμῖοο
1297 4487 1335 4560 ὥς
