<?xml version="1.0" encoding="UTF-8"?>
<!DOCTYPE html PUBLIC "-//W3C//DTD XHTML 1.0 Transitional//EN"
    "http://www.w3.org/TR/xhtml1/DTD/xhtml1-transitional.dtd">
<html xmlns="http://www.w3.org/1999/xhtml" xml:lang="en" lang="en">
 <head>
  <title>
</title>
<meta http-equiv="Content-Type" content="text/html;charset=utf-8" />
  <meta name='ocr-system' content='tesseract 3.04.00' />
  <meta name='ocr-capabilities' content='ocr_page ocr_carea ocr_par ocr_line ocrx_word'/>
</head>
<body>
  <div class='ocr_page' id='page_1' title='image "./miscellaneacrit00cobegoog/miscellaneacrit00cobegoog_0059.png"; bbox 0 0 3296 5104; ppageno 0'>
   <div class='ocr_carea' id='block_1_1' title="bbox 913 343 957 416">
    <p class='ocr_par' dir='ltr' id='par_1_1' title="bbox 913 343 957 416">
     <span class='ocr_line' id='line_1_1' title="bbox 913 343 957 416; baseline 0 0"><span class='ocrx_word' id='word_1_1' title='bbox 913 343 957 416; x_wconf 79' lang='lat'><strong>34</strong></span> 
     </span>
    </p>
   </div>
   <div class='ocr_carea' id='block_1_2' title="bbox 331 537 1628 1470">
    <p class='ocr_par' dir='ltr' id='par_1_2' title="bbox 331 537 1630 1602">
     <span class='ocr_line' id='line_1_2' title="bbox 340 537 1552 626; baseline -0.002 -21"><span class='ocrx_word' id='word_1_2' title='bbox 340 548 403 616; x_wconf 80' lang='grc' dir='ltr'><strong><em>λοῖς</em></strong></span> <span class='ocrx_word' id='word_1_3' title='bbox 436 538 467 605; x_wconf 80' lang='grc' dir='ltr'><strong>ὃν</strong></span> <span class='ocrx_word' id='word_1_4' title='bbox 498 541 559 621; x_wconf 72' lang='grc' dir='ltr'><strong>χρη</strong></span> <span class='ocrx_word' id='word_1_5' title='bbox 588 539 696 620; x_wconf 87' lang='grc' dir='ltr'><strong><em>τρίπον</em></strong></span> <span class='ocrx_word' id='word_1_6' title='bbox 720 537 936 605; x_wconf 75' lang='grc' dir='ltr'><strong><em>πολιτεύεσθαι</em></strong></span> <span class='ocrx_word' id='word_1_7' title='bbox 960 539 1024 604; x_wconf 83' lang='grc' dir='ltr'><strong><em>νιτὲ.</em></strong></span> <span class='ocrx_word' id='word_1_8' title='bbox 1071 538 1163 604; x_wconf 83' lang='lat' dir='ltr'>Unde</span> <span class='ocrx_word' id='word_1_9' title='bbox 1187 538 1265 605; x_wconf 82' lang='lat' dir='ltr'><strong>haec</strong></span> <span class='ocrx_word' id='word_1_10' title='bbox 1287 541 1456 626; x_wconf 81' lang='lat' dir='ltr'>irrepsisse</span> <span class='ocrx_word' id='word_1_11' title='bbox 1484 559 1552 624; x_wconf 88' lang='lat' dir='ltr'><strong>pu-</strong></span> 
     </span>
     <span class='ocr_line' id='line_1_3' title="bbox 341 645 1553 733; baseline -0.003 -21"><span class='ocrx_word' id='word_1_12' title='bbox 341 645 466 712; x_wconf 76' lang='lat' dir='ltr'><strong>temne?</strong></span> <span class='ocrx_word' id='word_1_13' title='bbox 504 645 612 711; x_wconf 81' lang='lat' dir='ltr'><strong>Subiit</strong></span> <span class='ocrx_word' id='word_1_14' title='bbox 644 646 726 712; x_wconf 88' lang='lat' dir='ltr'><strong>mihi</strong></span> <span class='ocrx_word' id='word_1_15' title='bbox 758 666 997 731; x_wconf 88' lang='lat' dir='ltr'><strong>nonnumquam</strong></span> <span class='ocrx_word' id='word_1_16' title='bbox 1030 647 1175 711; x_wconf 90' lang='lat' dir='ltr'><strong>animum</strong></span> <span class='ocrx_word' id='word_1_17' title='bbox 1207 647 1360 733; x_wconf 78' lang='lat' dir='ltr'>cogitatio</span> <span class='ocrx_word' id='word_1_18' title='bbox 1390 645 1479 710; x_wconf 88' lang='lat' dir='ltr'><strong>haec</strong></span> <span class='ocrx_word' id='word_1_19' title='bbox 1517 649 1553 709; x_wconf 90' lang='lat' dir='ltr'><strong>et</strong></span> 
     </span>
     <span class='ocr_line' id='line_1_4' title="bbox 331 749 1553 837; baseline -0.002 -21"><span class='ocrx_word' id='word_1_20' title='bbox 331 752 389 817; x_wconf 72' lang='lat' dir='ltr'><strong>&#39;bis</strong></span> <span class='ocrx_word' id='word_1_21' title='bbox 422 751 544 817; x_wconf 81' lang='lat' dir='ltr'><strong>similia</strong></span> <span class='ocrx_word' id='word_1_22' title='bbox 579 752 664 837; x_wconf 88' lang='lat' dir='ltr'><strong>apud</strong></span> <span class='ocrx_word' id='word_1_23' title='bbox 696 751 946 818; x_wconf 79' lang='lat' dir='ltr'><strong>Demosthenem</strong></span> <span class='ocrx_word' id='word_1_24' title='bbox 979 754 1014 816; x_wconf 91' lang='lat' dir='ltr'><strong>in</strong></span> <span class='ocrx_word' id='word_1_25' title='bbox 1048 749 1072 815; x_wconf 80' lang='lat' dir='ltr'>S</span> <span class='ocrx_word' id='word_1_26' title='bbox 1109 752 1227 815; x_wconf 89' lang='lat' dir='ltr'><strong>omissa</strong></span> <span class='ocrx_word' id='word_1_27' title='bbox 1261 772 1300 816; x_wconf 82' lang='lat' dir='ltr'><strong>ox</strong></span> <span class='ocrx_word' id='word_1_28' title='bbox 1331 750 1553 836; x_wconf 76' lang='lat' dir='ltr'>Theopompi</span> 
     </span>
     <span class='ocr_line' id='line_1_5' title="bbox 339 855 1553 945; baseline -0.002 -23"><span class='ocrx_word' id='word_1_29' title='bbox 339 865 535 929; x_wconf 72' lang='grc' dir='ltr'><strong>Φιλιππικοῖς</strong></span> <span class='ocrx_word' id='word_1_30' title='bbox 566 859 600 922; x_wconf 90' lang='lat' dir='ltr'><strong>in</strong></span> <span class='ocrx_word' id='word_1_31' title='bbox 623 860 769 945; x_wconf 80' lang='lat' dir='ltr'><strong>margine</strong></span> <span class='ocrx_word' id='word_1_32' title='bbox 793 860 936 942; x_wconf 88' lang='lat' dir='ltr'><strong>apposita</strong></span> <span class='ocrx_word' id='word_1_33' title='bbox 958 856 1072 922; x_wconf 85' lang='lat' dir='ltr'><strong>deinde</strong></span> <span class='ocrx_word' id='word_1_34' title='bbox 1096 859 1134 921; x_wconf 89' lang='lat' dir='ltr'><strong>nt</strong></span> <span class='ocrx_word' id='word_1_35' title='bbox 1159 855 1195 921; x_wconf 88' lang='lat' dir='ltr'><strong>fit</strong></span> <span class='ocrx_word' id='word_1_36' title='bbox 1218 858 1252 920; x_wconf 91' lang='lat' dir='ltr'><strong>in</strong></span> <span class='ocrx_word' id='word_1_37' title='bbox 1277 861 1401 922; x_wconf 80' lang='lat' dir='ltr'><strong>textum</strong></span> <span class='ocrx_word' id='word_1_38' title='bbox 1425 875 1466 920; x_wconf 88' lang='lat' dir='ltr'><strong>se</strong></span> <span class='ocrx_word' id='word_1_39' title='bbox 1496 858 1553 919; x_wconf 90' lang='lat' dir='ltr'><strong>in-</strong></span> 
     </span>
     <span class='ocr_line' id='line_1_6' title="bbox 341 960 1552 1050; baseline 0.002 -21"><span class='ocrx_word' id='word_1_40' title='bbox 341 967 491 1029; x_wconf 88' lang='lat' dir='ltr'><strong>sinuasse.</strong></span> <span class='ocrx_word' id='word_1_41' title='bbox 538 961 661 1049; x_wconf 81' lang='lat' dir='ltr'><strong>Inspice</strong></span> <span class='ocrx_word' id='word_1_42' title='bbox 694 963 777 1028; x_wconf 91' lang='lat' dir='ltr'><strong>mibi</strong></span> <span class='ocrx_word' id='word_1_43' title='bbox 808 961 916 1027; x_wconf 90' lang='lat' dir='ltr'><strong>locum</strong></span> <span class='ocrx_word' id='word_1_44' title='bbox 946 983 1020 1050; x_wconf 88' lang='lat' dir='ltr'><strong>pag.</strong></span> <span class='ocrx_word' id='word_1_45' title='bbox 1054 960 1129 1027; x_wconf 86' lang='grc'><strong>126.</strong></span> <span class='ocrx_word' id='word_1_46' title='bbox 1164 961 1194 1026; x_wconf 98' lang='grc'><strong>1.</strong></span> <span class='ocrx_word' id='word_1_47' title='bbox 1218 961 1292 1027; x_wconf 79' lang='grc' dir='ltr'><strong><em>τότε</em></strong></span> <span class='ocrx_word' id='word_1_48' title='bbox 1315 962 1372 1040; x_wconf 76' lang='grc' dir='ltr'><strong>μὲν</strong></span> <span class='ocrx_word' id='word_1_49' title='bbox 1395 961 1552 1042; x_wconf 81' lang='grc' dir='ltr'><strong><em>πέμψας</em></strong></span> 
     </span>
     <span class='ocr_line' id='line_1_7' title="bbox 340 1065 1628 1148; baseline -0.003 -14"><span class='ocrx_word' id='word_1_50' title='bbox 340 1070 411 1142; x_wconf 83' lang='grc' dir='ltr'><strong><em>τοὺς</em></strong></span> <span class='ocrx_word' id='word_1_51' title='bbox 443 1068 517 1147; x_wconf 87' lang='grc' dir='ltr'><strong><em>μετ’</em></strong></span> <span class='ocrx_word' id='word_1_52' title='bbox 550 1068 728 1148; x_wconf 70' lang='grc' dir='ltr'><strong><em>Εὐρυλόχου</em></strong></span> <span class='ocrx_word' id='word_1_53' title='bbox 760 1065 878 1146; x_wconf 77' lang='grc' dir='ltr'><strong><em>ξένους,</em></strong></span> <span class='ocrx_word' id='word_1_54' title='bbox 910 1067 1008 1132; x_wconf 74' lang='grc' dir='ltr'><strong><em>πάλιν</em></strong></span> <span class='ocrx_word' id='word_1_55' title='bbox 1040 1066 1073 1131; x_wconf 75' lang='grc' dir='ltr'><strong>δέ</strong></span> <span class='ocrx_word' id='word_1_56' title='bbox 1103 1068 1174 1140; x_wconf 82' lang='grc' dir='ltr'><strong><em>τοὺς</em></strong></span> <span class='ocrx_word' id='word_1_57' title='bbox 1197 1068 1283 1147; x_wconf 74' lang='grc' dir='ltr'><strong><em>μετὰ</em></strong></span> <span class='ocrx_word' id='word_1_58' title='bbox 1307 1068 1549 1148; x_wconf 78' lang='grc' dir='ltr'><strong><em>Παρμενίωνος.</em></strong></span> <span class='ocrx_word' id='word_1_59' title='bbox 1627 1105 1628 1108; x_wconf 61' lang='lat'><em>=</em></span> 
     </span>
     <span class='ocr_line' id='line_1_8' title="bbox 339 1173 1551 1253; baseline -0.002 -13"><span class='ocrx_word' id='word_1_60' title='bbox 339 1175 495 1242; x_wconf 90' lang='lat' dir='ltr'><strong>Historici</strong></span> <span class='ocrx_word' id='word_1_61' title='bbox 517 1178 565 1242; x_wconf 86' lang='lat' dir='ltr'><strong>est</strong></span> <span class='ocrx_word' id='word_1_62' title='bbox 587 1175 665 1240; x_wconf 92' lang='lat' dir='ltr'><strong>haec</strong></span> <span class='ocrx_word' id='word_1_63' title='bbox 688 1176 863 1239; x_wconf 78' lang='lat' dir='ltr'><strong>minutiora</strong></span> <span class='ocrx_word' id='word_1_64' title='bbox 886 1194 1150 1253; x_wconf 77' lang='lat' dir='ltr'><strong>commemorare,</strong></span> <span class='ocrx_word' id='word_1_65' title='bbox 1175 1194 1238 1239; x_wconf 94' lang='lat' dir='ltr'><strong>non</strong></span> <span class='ocrx_word' id='word_1_66' title='bbox 1260 1176 1401 1241; x_wconf 89' lang='lat' dir='ltr'><strong>cratoris.</strong></span> <span class='ocrx_word' id='word_1_67' title='bbox 1434 1173 1551 1240; x_wconf 88' lang='lat' dir='ltr'><strong>Recte</strong></span> 
     </span>
     <span class='ocr_line' id='line_1_9' title="bbox 339 1279 1550 1368; baseline -0.002 -22"><span class='ocrx_word' id='word_1_68' title='bbox 339 1283 442 1368; x_wconf 88' lang='lat' dir='ltr'><strong>igitur</strong></span> <span class='ocrx_word' id='word_1_69' title='bbox 465 1280 543 1346; x_wconf 88' lang='lat' dir='ltr'><strong>haec</strong></span> <span class='ocrx_word' id='word_1_70' title='bbox 566 1279 589 1345; x_wconf 79' lang='lat' dir='ltr'>S</span> <span class='ocrx_word' id='word_1_71' title='bbox 611 1281 745 1346; x_wconf 90' lang='lat' dir='ltr'><strong>omittit.</strong></span> <span class='ocrx_word' id='word_1_72' title='bbox 780 1279 915 1364; x_wconf 76' lang='lat' dir='ltr'><strong>Exque</strong></span> <span class='ocrx_word' id='word_1_73' title='bbox 940 1279 1019 1356; x_wconf 89' lang='lat' dir='ltr'><strong>alio,</strong></span> <span class='ocrx_word' id='word_1_74' title='bbox 1045 1301 1142 1366; x_wconf 86' lang='lat' dir='ltr'><strong>quem</strong></span> <span class='ocrx_word' id='word_1_75' title='bbox 1166 1301 1205 1346; x_wconf 84' lang='lat' dir='ltr'><strong>ex</strong></span> <span class='ocrx_word' id='word_1_76' title='bbox 1228 1279 1442 1365; x_wconf 76' lang='lat' dir='ltr'><strong>Theopompo,</strong></span> <span class='ocrx_word' id='word_1_77' title='bbox 1467 1282 1550 1346; x_wconf 85' lang='lat' dir='ltr'><strong>eine</strong></span> 
     </span>
     <span class='ocr_line' id='line_1_10' title="bbox 340 1383 819 1470; baseline -0.003 -19"><span class='ocrx_word' id='word_1_78' title='bbox 340 1390 387 1453; x_wconf 90' lang='lat' dir='ltr'><strong>rei</strong></span> <span class='ocrx_word' id='word_1_79' title='bbox 409 1388 525 1452; x_wconf 87' lang='lat' dir='ltr'><strong>notitia</strong></span> <span class='ocrx_word' id='word_1_80' title='bbox 546 1385 669 1451; x_wconf 86' lang='lat' dir='ltr'><strong>hauriri</strong></span> <span class='ocrx_word' id='word_1_81' title='bbox 691 1383 819 1470; x_wconf 81' lang='lat' dir='ltr'><strong>potuit?</strong></span> 
     </span>
    </p>
   </div>
   <div class='ocr_carea' id='block_1_3' title="bbox 343 1593 1632 2060">
    <p class='ocr_par' dir='ltr' id='par_1_3' title="bbox 343 1593 1632 2060">
     <span class='ocr_line' id='line_1_11' title="bbox 384 1593 1630 1684; baseline -0.004 -21"><span class='ocrx_word' id='word_1_82' title='bbox 384 1596 590 1663; x_wconf 86' lang='lat' dir='ltr'><strong>Removenda</strong></span> <span class='ocrx_word' id='word_1_83' title='bbox 621 1601 668 1662; x_wconf 86' lang='lat' dir='ltr'><strong>eet</strong></span> <span class='ocrx_word' id='word_1_84' title='bbox 690 1595 901 1662; x_wconf 89' lang='lat' dir='ltr'><strong>intolerabilis</strong></span> <span class='ocrx_word' id='word_1_85' title='bbox 921 1599 1051 1684; x_wconf 89' lang='lat' dir='ltr'><strong>negatio</strong></span> <span class='ocrx_word' id='word_1_86' title='bbox 1074 1595 1172 1663; x_wconf 87' lang='lat' dir='ltr'><strong>stulte</strong></span> <span class='ocrx_word' id='word_1_87' title='bbox 1195 1598 1332 1682; x_wconf 87' lang='lat' dir='ltr'><strong>repetita</strong></span> <span class='ocrx_word' id='word_1_88' title='bbox 1352 1616 1426 1683; x_wconf 89' lang='lat' dir='ltr'><strong>pag.</strong></span> <span class='ocrx_word' id='word_1_89' title='bbox 1453 1593 1543 1661; x_wconf 85' lang='lat'>119.</span> <span class='ocrx_word' id='word_1_90' title='bbox 1629 1603 1630 1608; x_wconf 77' lang='grc'>’</span> 
     </span>
     <span class='ocr_line' id='line_1_12' title="bbox 343 1699 1543 1786; baseline -0.002 -19"><span class='ocrx_word' id='word_1_91' title='bbox 343 1703 374 1769; x_wconf 86' lang='grc'><strong>4.</strong></span> <span class='ocrx_word' id='word_1_92' title='bbox 407 1703 484 1770; x_wconf 73' lang='grc' dir='ltr'><strong><em>αλλ’</em></strong></span> <span class='ocrx_word' id='word_1_93' title='bbox 517 1704 577 1782; x_wconf 80' lang='grc' dir='ltr'><strong><em>οὐχ</em></strong></span> <span class='ocrx_word' id='word_1_94' title='bbox 610 1701 683 1782; x_wconf 81' lang='grc' dir='ltr'><strong><em>ὑπὲρ</em></strong></span> <span class='ocrx_word' id='word_1_95' title='bbox 716 1703 872 1768; x_wconf 85' lang='grc' dir='ltr'><strong><em>Φιλίππου</em></strong></span> <span class='ocrx_word' id='word_1_96' title='bbox 903 1703 955 1768; x_wconf 82' lang='grc' dir='ltr'><strong><em>καί</em></strong></span> <span class='ocrx_word' id='word_1_97' title='bbox 991 1699 1029 1767; x_wconf 79' lang='grc' dir='ltr'><strong>ὧν</strong></span> <span class='ocrx_word' id='word_1_98' title='bbox 1059 1702 1168 1776; x_wconf 80' lang='grc' dir='ltr'><strong><em>ἐκεῖνος</em></strong></span> <span class='ocrx_word' id='word_1_99' title='bbox 1199 1700 1331 1782; x_wconf 68' lang='grc' dir='ltr'><strong><em>πράττει</em></strong></span> <span class='ocrx_word' id='word_1_100' title='bbox 1361 1707 1412 1766; x_wconf 84' lang='grc' dir='ltr'><strong>νῦν</strong></span> <span class='ocrx_word' id='word_1_101' title='bbox 1442 1701 1543 1786; x_wconf 81' lang='grc' dir='ltr'><strong><em>[οὐχ]</em></strong></span> 
     </span>
     <span class='ocr_line' id='line_1_13' title="bbox 343 1805 1631 1890; baseline -0.006 -16"><span class='ocrx_word' id='word_1_102' title='bbox 343 1807 435 1883; x_wconf 85' lang='grc' dir='ltr'><strong><em>οὕτως</em></strong></span> <span class='ocrx_word' id='word_1_103' title='bbox 462 1805 585 1890; x_wconf 85' lang='grc' dir='ltr'><strong><em>έχουτιν</em></strong></span> <span class='ocrx_word' id='word_1_104' title='bbox 611 1811 642 1874; x_wconf 84' lang='grc' dir='ltr'><strong><em>οὐ</em></strong></span> <span class='ocrx_word' id='word_1_105' title='bbox 666 1807 755 1889; x_wconf 80' lang='grc' dir='ltr'><strong><em>μένον</em></strong></span> <span class='ocrx_word' id='word_1_106' title='bbox 780 1809 840 1890; x_wconf 79' lang='grc' dir='ltr'><strong><em>οὐχ</em></strong></span> <span class='ocrx_word' id='word_1_107' title='bbox 860 1807 1010 1885; x_wconf 85' lang='grc' dir='ltr'><strong><em>Ἕλληνος</em></strong></span> <span class='ocrx_word' id='word_1_108' title='bbox 1034 1807 1115 1880; x_wconf 79' lang='grc' dir='ltr'><strong><em>ὄντος</em></strong></span> <span class='ocrx_word' id='word_1_109' title='bbox 1129 1809 1260 1873; x_wconf 82' lang='grc' dir='ltr'><strong><em>-οίλλ’</em></strong></span> <span class='ocrx_word' id='word_1_110' title='bbox 1283 1807 1350 1873; x_wconf 74' lang='grc' dir='ltr'><strong><em>οὐδὲ</em></strong></span> <span class='ocrx_word' id='word_1_111' title='bbox 1368 1806 1544 1888; x_wconf 75' lang='grc' dir='ltr'><strong><em>βαρβάρου</em></strong></span> <span class='ocrx_word' id='word_1_112' title='bbox 1630 1861 1631 1866; x_wconf 73' lang='grc'>,</span> 
     </span>
     <span class='ocr_line' id='line_1_14' title="bbox 344 1911 1632 2060; baseline -0.002 -80"><span class='ocrx_word' id='word_1_113' title='bbox 344 1916 478 1982; x_wconf 83' lang='grc' dir='ltr'><strong><em>έντεῦίεν</em></strong></span> <span class='ocrx_word' id='word_1_114' title='bbox 501 1911 564 1980; x_wconf 77' lang='grc' dir='ltr'><strong><em>έίεν</em></strong></span> <span class='ocrx_word' id='word_1_115' title='bbox 587 1915 682 1980; x_wconf 81' lang='grc' dir='ltr'><strong><em>καλὸν</em></strong></span> <span class='ocrx_word' id='word_1_116' title='bbox 706 1916 810 1980; x_wconf 83' lang='grc' dir='ltr'><strong><em>είτεῒν.</em></strong></span> <span class='ocrx_word' id='word_1_117' title='bbox 1631 1972 1632 2060; x_wconf 34' lang='grc'>1</span> 
     </span>
    </p>
   </div>
   <div class='ocr_carea' id='block_1_4' title="bbox 341 2123 1634 3581">
    <p class='ocr_par' dir='ltr' id='par_1_4' title="bbox 341 2123 1634 3581">
     <span class='ocr_line' id='line_1_15' title="bbox 386 2123 1541 2215; baseline 0.001 -22"><span class='ocrx_word' id='word_1_118' title='bbox 386 2127 467 2215; x_wconf 83' lang='lat' dir='ltr'><strong>Peg.</strong></span> <span class='ocrx_word' id='word_1_119' title='bbox 501 2124 575 2192; x_wconf 90' lang='grc'><strong>122.</strong></span> <span class='ocrx_word' id='word_1_120' title='bbox 608 2125 639 2191; x_wconf 89' lang='grc'><strong>6.</strong></span> <span class='ocrx_word' id='word_1_121' title='bbox 671 2127 775 2192; x_wconf 73' lang='grc' dir='ltr'><strong><em>ἐκεῖνον</em></strong></span> <span class='ocrx_word' id='word_1_122' title='bbox 808 2127 956 2200; x_wconf 75' lang='grc' dir='ltr'><strong>Ζελείτην</strong></span> <span class='ocrx_word' id='word_1_123' title='bbox 987 2127 1058 2193; x_wconf 75' lang='grc' dir='ltr'><strong><em>τινα</em></strong></span> <span class='ocrx_word' id='word_1_124' title='bbox 1081 2129 1228 2208; x_wconf 81' lang='grc' dir='ltr'><strong><em>Ἀρίμιον</em></strong></span> <span class='ocrx_word' id='word_1_125' title='bbox 1251 2127 1355 2192; x_wconf 75' lang='grc' dir='ltr'><strong><em>δοῦλον</em></strong></span> <span class='ocrx_word' id='word_1_126' title='bbox 1377 2123 1541 2204; x_wconf 74' lang='grc' dir='ltr'><strong><em>βασιλέως</em></strong></span> 
     </span>
     <span class='ocr_line' id='line_1_16' title="bbox 343 2229 1633 2324; baseline -0.004 -26"><span class='ocrx_word' id='word_1_127' title='bbox 343 2229 389 2299; x_wconf 72' lang='grc' dir='ltr'><strong><em>ὅτι</em></strong></span> <span class='ocrx_word' id='word_1_128' title='bbox 409 2235 452 2312; x_wconf 81' lang='grc' dir='ltr'><strong>τῷ</strong></span> <span class='ocrx_word' id='word_1_129' title='bbox 472 2231 603 2314; x_wconf 75' lang='grc' dir='ltr'><strong><em>δενπίτη</em></strong></span> <span class='ocrx_word' id='word_1_130' title='bbox 622 2232 762 2297; x_wconf 75' lang='grc' dir='ltr'><strong><em>διακονῶν</em></strong></span> <span class='ocrx_word' id='word_1_131' title='bbox 781 2234 904 2312; x_wconf 81' lang='grc' dir='ltr'><strong><em>χρυσίον</em></strong></span> <span class='ocrx_word' id='word_1_132' title='bbox 925 2233 1048 2310; x_wconf 75' lang='grc' dir='ltr'><strong><em>ἤγαγεν</em></strong></span> <span class='ocrx_word' id='word_1_133' title='bbox 1070 2234 1112 2306; x_wconf 88' lang='grc' dir='ltr'><strong>είς</strong></span> <span class='ocrx_word' id='word_1_134' title='bbox 1133 2229 1415 2304; x_wconf 86' lang='grc' dir='ltr'><strong><em>Πελοπίννησον-</em></strong></span> <span class='ocrx_word' id='word_1_135' title='bbox 1428 2231 1541 2310; x_wconf 80' lang='grc' dir='ltr'><strong><em>έχίρὸν</em></strong></span> <span class='ocrx_word' id='word_1_136' title='bbox 1632 2254 1633 2324; x_wconf 61' lang='grc' dir='ltr'><strong><em>ι</em></strong></span> 
     </span>
     <span class='ocr_line' id='line_1_17' title="bbox 342 2335 1540 2425; baseline -0.001 -23"><span class='ocrx_word' id='word_1_137' title='bbox 342 2338 442 2403; x_wconf 78' lang='grc' dir='ltr'><strong><em>αὐτῶν</em></strong></span> <span class='ocrx_word' id='word_1_138' title='bbox 467 2338 665 2418; x_wconf 70' lang='grc' dir='ltr'><strong><em>ἀνέγραψαν.</em></strong></span> <span class='ocrx_word' id='word_1_139' title='bbox 712 2335 765 2402; x_wconf 81' lang='lat' dir='ltr'><strong>Sic</strong></span> <span class='ocrx_word' id='word_1_140' title='bbox 791 2337 879 2403; x_wconf 90' lang='lat' dir='ltr'><strong>locus</strong></span> <span class='ocrx_word' id='word_1_141' title='bbox 901 2337 1056 2425; x_wconf 86' lang='lat' dir='ltr'><strong>legendus</strong></span> <span class='ocrx_word' id='word_1_142' title='bbox 1080 2343 1128 2403; x_wconf 87' lang='lat' dir='ltr'><strong>est</strong></span> <span class='ocrx_word' id='word_1_143' title='bbox 1151 2341 1250 2403; x_wconf 88' lang='lat' dir='ltr'><strong>eiecto</strong></span> <span class='ocrx_word' id='word_1_144' title='bbox 1272 2336 1390 2422; x_wconf 87' lang='lat' dir='ltr'><strong>puerili</strong></span> <span class='ocrx_word' id='word_1_145' title='bbox 1412 2335 1540 2402; x_wconf 84' lang='lat' dir='ltr'><strong>addita-</strong></span> 
     </span>
     <span class='ocr_line' id='line_1_18' title="bbox 341 2441 1536 2529; baseline -0.004 -20"><span class='ocrx_word' id='word_1_146' title='bbox 341 2449 450 2509; x_wconf 90' lang='lat' dir='ltr'><strong>mento</strong></span> <span class='ocrx_word' id='word_1_147' title='bbox 481 2444 565 2528; x_wconf 88' lang='lat' dir='ltr'><strong>qnod</strong></span> <span class='ocrx_word' id='word_1_148' title='bbox 595 2448 722 2508; x_wconf 87' lang='lat' dir='ltr'><strong>servant</strong></span> <span class='ocrx_word' id='word_1_149' title='bbox 752 2443 827 2508; x_wconf 90' lang='lat' dir='ltr'><strong>libri</strong></span> <span class='ocrx_word' id='word_1_150' title='bbox 859 2463 984 2514; x_wconf 88' lang='lat' dir='ltr'><strong>omnes.</strong></span> <span class='ocrx_word' id='word_1_151' title='bbox 1017 2447 1073 2529; x_wconf 90' lang='lat' dir='ltr'><strong>qni</strong></span> <span class='ocrx_word' id='word_1_152' title='bbox 1104 2448 1175 2529; x_wconf 89' lang='lat' dir='ltr'><strong>post</strong></span> <span class='ocrx_word' id='word_1_153' title='bbox 1205 2443 1360 2522; x_wconf 81' lang='grc' dir='ltr'><strong><em>βασιλέως</em></strong></span> <span class='ocrx_word' id='word_1_154' title='bbox 1392 2441 1536 2507; x_wconf 86' lang='lat' dir='ltr'><strong>addunt:</strong></span> 
     </span>
     <span class='ocr_line' id='line_1_19' title="bbox 347 2536 1634 2636; baseline 0.001 -24"><span class='ocrx_word' id='word_1_155' title='bbox 347 2548 377 2636; x_wconf 78' lang='grc' dir='ltr'><strong>[η</strong></span> <span class='ocrx_word' id='word_1_156' title='bbox 407 2549 471 2629; x_wconf 75' lang='grc' dir='ltr'><strong>γὰρ</strong></span> <span class='ocrx_word' id='word_1_157' title='bbox 503 2547 615 2613; x_wconf 83' lang='grc' dir='ltr'><strong><em>Ζέλειιί</em></strong></span> <span class='ocrx_word' id='word_1_158' title='bbox 647 2549 692 2616; x_wconf 83' lang='grc' dir='ltr'><strong>έςι</strong></span> <span class='ocrx_word' id='word_1_159' title='bbox 723 2555 778 2623; x_wconf 74' lang='grc' dir='ltr'><strong><em>τῆς</em></strong></span> <span class='ocrx_word' id='word_1_160' title='bbox 812 2547 952 2634; x_wconf 87' lang='grc' dir='ltr'><strong><em>Ἀσίας].</em></strong></span> <span class='ocrx_word' id='word_1_161' title='bbox 984 2552 1075 2635; x_wconf 87' lang='lat' dir='ltr'><strong>qnasi</strong></span> <span class='ocrx_word' id='word_1_162' title='bbox 1106 2570 1181 2616; x_wconf 79' lang='lat' dir='ltr'><strong>vero</strong></span> <span class='ocrx_word' id='word_1_163' title='bbox 1211 2551 1246 2614; x_wconf 87' lang='lat' dir='ltr'><strong>id</strong></span> <span class='ocrx_word' id='word_1_164' title='bbox 1269 2551 1437 2635; x_wconf 85' lang='lat' dir='ltr'><strong>quisquam</strong></span> <span class='ocrx_word' id='word_1_165' title='bbox 1460 2553 1537 2613; x_wconf 89' lang='lat' dir='ltr'><strong>tum</strong></span> <span class='ocrx_word' id='word_1_166' title='bbox 1633 2536 1634 2588; x_wconf 85' lang='lat' dir='ltr'><strong>l</strong></span> 
     </span>
     <span class='ocr_line' id='line_1_20' title="bbox 342 2653 1537 2741; baseline 0 -22"><span class='ocrx_word' id='word_1_167' title='bbox 342 2656 493 2731; x_wconf 88' lang='lat' dir='ltr'><strong>nesciret,</strong></span> <span class='ocrx_word' id='word_1_168' title='bbox 524 2673 661 2739; x_wconf 88' lang='lat' dir='ltr'><strong>namque</strong></span> <span class='ocrx_word' id='word_1_169' title='bbox 691 2654 821 2741; x_wconf 84' lang='lat' dir='ltr'><strong>perinde</strong></span> <span class='ocrx_word' id='word_1_170' title='bbox 851 2660 900 2719; x_wconf 90' lang='lat' dir='ltr'><strong>eet</strong></span> <span class='ocrx_word' id='word_1_171' title='bbox 927 2657 1013 2720; x_wconf 90' lang='lat' dir='ltr'><strong>acsi</strong></span> <span class='ocrx_word' id='word_1_172' title='bbox 1036 2657 1108 2741; x_wconf 90' lang='lat' dir='ltr'><strong>quis</strong></span> <span class='ocrx_word' id='word_1_173' title='bbox 1131 2655 1249 2720; x_wconf 89' lang='lat' dir='ltr'><strong>diceret</strong></span> <span class='ocrx_word' id='word_1_174' title='bbox 1277 2655 1310 2719; x_wconf 90' lang='grc' dir='ltr'><strong><em>αί</em></strong></span> <span class='ocrx_word' id='word_1_175' title='bbox 1336 2655 1398 2734; x_wconf 74' lang='grc' dir='ltr'><strong><em>γαρ</em></strong></span> <span class='ocrx_word' id='word_1_176' title='bbox 1423 2653 1537 2732; x_wconf 75' lang='grc' dir='ltr'><strong><em>Θῆβαί</em></strong></span> 
     </span>
     <span class='ocr_line' id='line_1_21' title="bbox 343 2759 1536 2841; baseline 0.002 -19"><span class='ocrx_word' id='word_1_177' title='bbox 343 2760 400 2823; x_wconf 84' lang='grc' dir='ltr'><strong><em>είσι</em></strong></span> <span class='ocrx_word' id='word_1_178' title='bbox 431 2765 487 2832; x_wconf 79' lang='grc' dir='ltr'><strong><em>τῆς</em></strong></span> <span class='ocrx_word' id='word_1_179' title='bbox 520 2760 663 2830; x_wconf 77' lang='grc' dir='ltr'><strong><em>Βοιωτίοις</em></strong></span> <span class='ocrx_word' id='word_1_180' title='bbox 692 2759 746 2826; x_wconf 83' lang='lat' dir='ltr'><strong>vel</strong></span> <span class='ocrx_word' id='word_1_181' title='bbox 770 2761 787 2835; x_wconf 76' lang='grc' dir='ltr'><strong><em>ἡ</em></strong></span> <span class='ocrx_word' id='word_1_182' title='bbox 810 2760 986 2826; x_wconf 73' lang='grc' dir='ltr'><strong><em>Μαντίνεια</em></strong></span> <span class='ocrx_word' id='word_1_183' title='bbox 1009 2769 1064 2836; x_wconf 76' lang='grc' dir='ltr'><strong><em>τῆς</em></strong></span> <span class='ocrx_word' id='word_1_184' title='bbox 1089 2760 1268 2841; x_wconf 75' lang='grc' dir='ltr'><strong><em>Ἀρκαδίας.</em></strong></span> <span class='ocrx_word' id='word_1_185' title='bbox 1315 2760 1483 2826; x_wconf 83' lang='lat' dir='ltr'><strong>Praeterea</strong></span> <span class='ocrx_word' id='word_1_186' title='bbox 1505 2763 1536 2824; x_wconf 90' lang='lat' dir='ltr'><strong>si</strong></span> 
     </span>
     <span class='ocr_line' id='line_1_22' title="bbox 344 2865 1535 2951; baseline 0 -22"><span class='ocrx_word' id='word_1_187' title='bbox 344 2866 415 2950; x_wconf 87' lang='lat' dir='ltr'><strong>quis</strong></span> <span class='ocrx_word' id='word_1_188' title='bbox 437 2868 675 2951; x_wconf 80' lang='lat' dir='ltr'><strong>quammaxime</strong></span> <span class='ocrx_word' id='word_1_189' title='bbox 699 2867 756 2931; x_wconf 90' lang='lat' dir='ltr'><strong>ubi</strong></span> <span class='ocrx_word' id='word_1_190' title='bbox 778 2865 921 2933; x_wconf 90' lang='lat' dir='ltr'><strong>locorum</strong></span> <span class='ocrx_word' id='word_1_191' title='bbox 945 2869 961 2942; x_wconf 77' lang='grc' dir='ltr'><strong><em>ἡ</em></strong></span> <span class='ocrx_word' id='word_1_192' title='bbox 987 2866 1099 2933; x_wconf 85' lang='grc' dir='ltr'><strong><em>Ζέλεια</em></strong></span> <span class='ocrx_word' id='word_1_193' title='bbox 1123 2869 1186 2932; x_wconf 90' lang='lat' dir='ltr'><strong>sita</strong></span> <span class='ocrx_word' id='word_1_194' title='bbox 1207 2887 1274 2932; x_wconf 86' lang='lat' dir='ltr'><strong>esse</strong></span> <span class='ocrx_word' id='word_1_195' title='bbox 1295 2867 1447 2950; x_wconf 86' lang='lat' dir='ltr'><strong>nesciret,</strong></span> <span class='ocrx_word' id='word_1_196' title='bbox 1470 2885 1535 2930; x_wconf 93' lang='lat' dir='ltr'><strong>non</strong></span> 
     </span>
     <span class='ocr_line' id='line_1_23' title="bbox 343 2967 1534 3048; baseline -0.001 -12"><span class='ocrx_word' id='word_1_197' title='bbox 343 2991 409 3036; x_wconf 81' lang='lat' dir='ltr'><strong>esse</strong></span> <span class='ocrx_word' id='word_1_198' title='bbox 432 2967 584 3037; x_wconf 77' lang='lat' dir='ltr'><strong>Graeciae</strong></span> <span class='ocrx_word' id='word_1_199' title='bbox 606 2971 720 3036; x_wconf 87' lang='lat' dir='ltr'><strong>urbem</strong></span> <span class='ocrx_word' id='word_1_200' title='bbox 742 2971 883 3037; x_wconf 82' lang='lat' dir='ltr'><strong>sciebant</strong></span> <span class='ocrx_word' id='word_1_201' title='bbox 905 2992 1015 3038; x_wconf 85' lang='lat' dir='ltr'><strong>omnes</strong></span> <span class='ocrx_word' id='word_1_202' title='bbox 1038 2977 1070 3038; x_wconf 88' lang='lat' dir='ltr'><strong>et</strong></span> <span class='ocrx_word' id='word_1_203' title='bbox 1092 2974 1127 3036; x_wconf 88' lang='lat' dir='ltr'><strong>in</strong></span> <span class='ocrx_word' id='word_1_204' title='bbox 1153 2973 1256 3044; x_wconf 80' lang='grc' dir='ltr'><strong><em>δοῦλος</em></strong></span> <span class='ocrx_word' id='word_1_205' title='bbox 1280 2971 1437 3048; x_wconf 83' lang='grc' dir='ltr'><strong><em>βασιλέως</em></strong></span> <span class='ocrx_word' id='word_1_206' title='bbox 1461 2991 1534 3038; x_wconf 91' lang='lat' dir='ltr'><strong>con-</strong></span> 
     </span>
     <span class='ocr_line' id='line_1_24' title="bbox 344 3075 1310 3164; baseline 0.003 -25"><span class='ocrx_word' id='word_1_207' title='bbox 344 3077 433 3141; x_wconf 89' lang='lat' dir='ltr'><strong>tinuo</strong></span> <span class='ocrx_word' id='word_1_208' title='bbox 457 3075 681 3164; x_wconf 79' lang='lat' dir='ltr'><strong>intelligebant</strong></span> <span class='ocrx_word' id='word_1_209' title='bbox 704 3075 868 3142; x_wconf 91' lang='lat' dir='ltr'><strong>hominem</strong></span> <span class='ocrx_word' id='word_1_210' title='bbox 891 3079 924 3142; x_wconf 86' lang='lat' dir='ltr'><strong>in</strong></span> <span class='ocrx_word' id='word_1_211' title='bbox 947 3077 1077 3144; x_wconf 80' lang='lat' dir='ltr'><strong>Perside</strong></span> <span class='ocrx_word' id='word_1_212' title='bbox 1099 3097 1165 3144; x_wconf 90' lang='lat' dir='ltr'><strong>esse</strong></span> <span class='ocrx_word' id='word_1_213' title='bbox 1187 3083 1310 3143; x_wconf 87' lang='lat' dir='ltr'><strong>natum.</strong></span> 
     </span>
     <span class='ocr_line' id='line_1_25' title="bbox 389 3180 1534 3272; baseline 0.002 -26"><span class='ocrx_word' id='word_1_214' title='bbox 389 3180 591 3268; x_wconf 81' lang='lat' dir='ltr'><strong>Quemquam</strong></span> <span class='ocrx_word' id='word_1_215' title='bbox 616 3183 687 3267; x_wconf 88' lang='lat' dir='ltr'><strong>quis</strong></span> <span class='ocrx_word' id='word_1_216' title='bbox 710 3185 834 3268; x_wconf 87' lang='lat' dir='ltr'><strong>poterat</strong></span> <span class='ocrx_word' id='word_1_217' title='bbox 858 3181 987 3247; x_wconf 78' lang='grc' dir='ltr'><strong><em>Ζέλειαν</em></strong></span> <span class='ocrx_word' id='word_1_218' title='bbox 1010 3186 1156 3272; x_wconf 90' lang='lat' dir='ltr'><strong>ignorare</strong></span> <span class='ocrx_word' id='word_1_219' title='bbox 1179 3185 1234 3268; x_wconf 87' lang='lat' dir='ltr'><strong>qui</strong></span> <span class='ocrx_word' id='word_1_220' title='bbox 1254 3184 1293 3249; x_wconf 95' lang='lat' dir='ltr'><strong>ab</strong></span> <span class='ocrx_word' id='word_1_221' title='bbox 1310 3186 1439 3250; x_wconf 87' lang='lat' dir='ltr'><strong>ineunte</strong></span> <span class='ocrx_word' id='word_1_222' title='bbox 1458 3203 1534 3269; x_wconf 88' lang='lat' dir='ltr'><strong>pne-</strong></span> 
     </span>
     <span class='ocr_line' id='line_1_26' title="bbox 343 3287 829 3354; baseline -0.004 -2"><span class='ocrx_word' id='word_1_223' title='bbox 343 3289 419 3352; x_wconf 86' lang='lat' dir='ltr'><strong>ritia</strong></span> <span class='ocrx_word' id='word_1_224' title='bbox 441 3287 621 3354; x_wconf 88' lang='lat' dir='ltr'><strong>Homerum</strong></span> <span class='ocrx_word' id='word_1_225' title='bbox 646 3287 829 3354; x_wconf 85' lang='lat' dir='ltr'><strong>audiverat:</strong></span> 
     </span>
     <span class='ocr_line' id='line_1_27' title="bbox 526 3386 1328 3470; baseline 0.001 -11"><span class='ocrx_word' id='word_1_226' title='bbox 526 3386 553 3459; x_wconf 83' lang='grc' dir='ltr'><strong><em>ιί</em></strong></span> <span class='ocrx_word' id='word_1_227' title='bbox 576 3394 607 3459; x_wconf 75' lang='grc' dir='ltr'><strong>δὲ</strong></span> <span class='ocrx_word' id='word_1_228' title='bbox 631 3394 760 3460; x_wconf 83' lang='grc' dir='ltr'><strong><em>Ζέλειαν</em></strong></span> <span class='ocrx_word' id='word_1_229' title='bbox 783 3394 880 3459; x_wconf 87' lang='grc' dir='ltr'><strong><em>έναιον</em></strong></span> <span class='ocrx_word' id='word_1_230' title='bbox 904 3393 980 3458; x_wconf 83' lang='grc' dir='ltr'><strong><em>ὑπαί</em></strong></span> <span class='ocrx_word' id='word_1_231' title='bbox 1005 3393 1085 3461; x_wconf 74' lang='grc' dir='ltr'><strong><em>πέδα</em></strong></span> <span class='ocrx_word' id='word_1_232' title='bbox 1109 3394 1227 3461; x_wconf 83' lang='grc' dir='ltr'><strong><em>νείατον</em></strong></span> <span class='ocrx_word' id='word_1_233' title='bbox 1244 3395 1328 3470; x_wconf 76' lang='grc' dir='ltr'><strong><em>Ἴδης</em></strong></span> 
     </span>
     <span class='ocr_line' id='line_1_28' title="bbox 525 3497 1211 3581; baseline 0.004 -18"><span class='ocrx_word' id='word_1_234' title='bbox 525 3499 644 3581; x_wconf 71' lang='grc' dir='ltr'><strong><em>ἀφνειοί</em></strong></span> <span class='ocrx_word' id='word_1_235' title='bbox 670 3499 806 3574; x_wconf 86' lang='grc' dir='ltr'><strong><em>πίνοντες</em></strong></span> <span class='ocrx_word' id='word_1_236' title='bbox 831 3497 904 3581; x_wconf 74' lang='grc' dir='ltr'><strong><em>ὕδωρ</em></strong></span> <span class='ocrx_word' id='word_1_237' title='bbox 928 3500 1029 3578; x_wconf 85' lang='grc' dir='ltr'><strong><em>μέλαν</em></strong></span> <span class='ocrx_word' id='word_1_238' title='bbox 1053 3501 1211 3577; x_wconf 69' lang='lat' dir='ltr'><strong>ateleto.</strong></span> 
     </span>
    </p>
   </div>
   <div class='ocr_carea' id='block_1_5' title="bbox 345 3703 1532 4101">
    <p class='ocr_par' dir='ltr' id='par_1_5' title="bbox 345 3703 1532 4101">
     <span class='ocr_line' id='line_1_29' title="bbox 388 3703 1532 3799; baseline 0.001 -24"><span class='ocrx_word' id='word_1_239' title='bbox 388 3710 470 3799; x_wconf 87' lang='lat' dir='ltr'><strong>Pag.</strong></span> <span class='ocrx_word' id='word_1_240' title='bbox 496 3710 571 3778; x_wconf 83' lang='lat'>125.</span> <span class='ocrx_word' id='word_1_241' title='bbox 597 3711 629 3778; x_wconf 89' lang='grc'><strong>6.</strong></span> <span class='ocrx_word' id='word_1_242' title='bbox 652 3709 733 3788; x_wconf 81' lang='grc' dir='ltr'><strong><em>λέξω</em></strong></span> <span class='ocrx_word' id='word_1_243' title='bbox 759 3712 784 3777; x_wconf 74' lang='grc' dir='ltr'><strong>δ’</strong></span> <span class='ocrx_word' id='word_1_244' title='bbox 808 3709 887 3792; x_wconf 75' lang='grc' dir='ltr'><strong><em>ἔργα</em></strong></span> <span class='ocrx_word' id='word_1_245' title='bbox 910 3703 932 3778; x_wconf 73' lang='grc' dir='ltr'><em>ἃ</em></span> <span class='ocrx_word' id='word_1_246' title='bbox 956 3711 1072 3785; x_wconf 80' lang='grc' dir='ltr'><strong><em>τοίντες</em></strong></span> <span class='ocrx_word' id='word_1_247' title='bbox 1095 3710 1220 3777; x_wconf 84' lang='grc' dir='ltr'><strong><em>είοεοίε.</em></strong></span> <span class='ocrx_word' id='word_1_248' title='bbox 1268 3712 1418 3778; x_wconf 87' lang='lat' dir='ltr'><strong>Primum</strong></span> <span class='ocrx_word' id='word_1_249' title='bbox 1441 3712 1532 3778; x_wconf 84' lang='lat' dir='ltr'><strong>offen·</strong></span> 
     </span>
     <span class='ocr_line' id='line_1_30' title="bbox 346 3814 1530 3903; baseline 0 -21"><span class='ocrx_word' id='word_1_250' title='bbox 346 3817 394 3882; x_wconf 87' lang='lat' dir='ltr'><strong>dit</strong></span> <span class='ocrx_word' id='word_1_251' title='bbox 417 3814 497 3896; x_wconf 72' lang='grc' dir='ltr'><strong><em>ἔργα</em></strong></span> <span class='ocrx_word' id='word_1_252' title='bbox 518 3820 601 3884; x_wconf 86' lang='lat' dir='ltr'><strong>miro</strong></span> <span class='ocrx_word' id='word_1_253' title='bbox 624 3823 656 3884; x_wconf 89' lang='lat' dir='ltr'><strong>et</strong></span> <span class='ocrx_word' id='word_1_254' title='bbox 674 3819 827 3884; x_wconf 88' lang='lat' dir='ltr'><strong>inusitato</strong></span> <span class='ocrx_word' id='word_1_255' title='bbox 850 3839 911 3884; x_wconf 87' lang='lat' dir='ltr'><strong>usu</strong></span> <span class='ocrx_word' id='word_1_256' title='bbox 930 3820 1088 3903; x_wconf 87' lang='lat' dir='ltr'><strong>positum,</strong></span> <span class='ocrx_word' id='word_1_257' title='bbox 1108 3817 1221 3885; x_wconf 87' lang='lat' dir='ltr'><strong>deinde</strong></span> <span class='ocrx_word' id='word_1_258' title='bbox 1240 3819 1385 3884; x_wconf 86' lang='lat' dir='ltr'><strong>futurum</strong></span> <span class='ocrx_word' id='word_1_259' title='bbox 1405 3817 1530 3884; x_wconf 82' lang='grc' dir='ltr'><strong><em>είοεοίε.</em></strong></span> 
     </span>
     <span class='ocr_line' id='line_1_31' title="bbox 345 3921 1530 4008; baseline 0 -20"><span class='ocrx_word' id='word_1_260' title='bbox 345 3923 469 3989; x_wconf 73' lang='grc' dir='ltr'><strong><em>Νείλοιο</em></strong></span> <span class='ocrx_word' id='word_1_261' title='bbox 498 3925 544 3989; x_wconf 89' lang='lat' dir='ltr'><strong>rei</strong></span> <span class='ocrx_word' id='word_1_262' title='bbox 577 3928 608 3989; x_wconf 89' lang='lat' dir='ltr'><strong>et</strong></span> <span class='ocrx_word' id='word_1_263' title='bbox 639 3923 764 3989; x_wconf 85' lang='lat' dir='ltr'><strong>dicendi</strong></span> <span class='ocrx_word' id='word_1_264' title='bbox 793 3943 871 3990; x_wconf 88' lang='lat' dir='ltr'><strong>usus</strong></span> <span class='ocrx_word' id='word_1_265' title='bbox 894 3921 939 3990; x_wconf 79' lang='grc' dir='ltr'><strong><em>ίςε</em></strong></span> <span class='ocrx_word' id='word_1_266' title='bbox 963 3923 1114 4008; x_wconf 87' lang='lat' dir='ltr'><strong>postulat.</strong></span> <span class='ocrx_word' id='word_1_267' title='bbox 1161 3923 1305 3990; x_wconf 81' lang='lat' dir='ltr'><strong>Fortasse</strong></span> <span class='ocrx_word' id='word_1_268' title='bbox 1329 3925 1427 3990; x_wconf 79' lang='lat' dir='ltr'><strong>dixit:</strong></span> <span class='ocrx_word' id='word_1_269' title='bbox 1453 3925 1530 4002; x_wconf 77' lang='grc' dir='ltr'><strong><em>λέξο</em></strong></span> 
     </span>
     <span class='ocr_line' id='line_1_32' title="bbox 346 4023 741 4101; baseline 0.003 -9"><span class='ocrx_word' id='word_1_270' title='bbox 346 4027 372 4092; x_wconf 76' lang='grc' dir='ltr'><strong>δ’</strong></span> <span class='ocrx_word' id='word_1_271' title='bbox 396 4023 417 4094; x_wconf 73' lang='grc' dir='ltr'><strong><em>οἳ</em></strong></span> <span class='ocrx_word' id='word_1_272' title='bbox 442 4027 557 4101; x_wconf 84' lang='grc' dir='ltr'><strong><em>ποίντες</em></strong></span> <span class='ocrx_word' id='word_1_273' title='bbox 581 4029 741 4098; x_wconf 81' lang='grc' dir='ltr'><strong><em>έπίςοισίε.</em></strong></span> 
     </span>
    </p>
   </div>
   <div class='ocr_carea' id='block_1_6' title="bbox 344 4237 1533 4537">
    <p class='ocr_par' dir='ltr' id='par_1_6' title="bbox 344 4237 1533 4537">
     <span class='ocr_line' id='line_1_33' title="bbox 389 4237 1531 4330; baseline 0.001 -24"><span class='ocrx_word' id='word_1_274' title='bbox 389 4241 469 4330; x_wconf 84' lang='lat' dir='ltr'><strong>Peg.</strong></span> <span class='ocrx_word' id='word_1_275' title='bbox 499 4239 575 4305; x_wconf 88' lang='grc'><strong>129.</strong></span> <span class='ocrx_word' id='word_1_276' title='bbox 601 4237 653 4306; x_wconf 91' lang='grc'><strong>16.</strong></span> <span class='ocrx_word' id='word_1_277' title='bbox 677 4239 742 4304; x_wconf 75' lang='grc' dir='ltr'><strong><em>οὐδὲ</em></strong></span> <span class='ocrx_word' id='word_1_278' title='bbox 766 4240 851 4304; x_wconf 84' lang='grc' dir='ltr'><strong><em>τοῦτ’</em></strong></span> <span class='ocrx_word' id='word_1_279' title='bbox 875 4237 1011 4321; x_wconf 77' lang='grc' dir='ltr'><strong><em>ἄχρηςον</em></strong></span> <span class='ocrx_word' id='word_1_280' title='bbox 1035 4239 1097 4306; x_wconf 72' lang='grc' dir='ltr'><strong><em>οὐδ’</em></strong></span> <span class='ocrx_word' id='word_1_281' title='bbox 1122 4241 1155 4304; x_wconf 88' lang='grc' dir='ltr'><strong><em>αί</em></strong></span> <span class='ocrx_word' id='word_1_282' title='bbox 1179 4239 1285 4321; x_wconf 86' lang='grc' dir='ltr'><strong><em>πέρυτι</em></strong></span> <span class='ocrx_word' id='word_1_283' title='bbox 1310 4242 1474 4321; x_wconf 79' lang='grc' dir='ltr'><strong><em>πρεσβεῖαι</em></strong></span> <span class='ocrx_word' id='word_1_284' title='bbox 1499 4245 1531 4307; x_wconf 83' lang='grc' dir='ltr'><strong><em>αἱ</em></strong></span> 
     </span>
     <span class='ocr_line' id='line_1_34' title="bbox 346 4337 1533 4430; baseline 0.001 -18"><span class='ocrx_word' id='word_1_285' title='bbox 346 4349 412 4428; x_wconf 74' lang='grc' dir='ltr'><strong><em>περὶ</em></strong></span> <span class='ocrx_word' id='word_1_286' title='bbox 436 4347 663 4418; x_wconf 75' lang='grc' dir='ltr'><strong><em>Πελοπόννησον</em></strong></span> <span class='ocrx_word' id='word_1_287' title='bbox 683 4345 795 4410; x_wconf 81' lang='grc' dir='ltr'><strong><em>έκεῖναι</em></strong></span> <span class='ocrx_word' id='word_1_288' title='bbox 822 4345 888 4430; x_wconf 78' lang='grc' dir='ltr'><strong><em>[καί</em></strong></span> <span class='ocrx_word' id='word_1_289' title='bbox 914 4346 1133 4430; x_wconf 74' lang='grc' dir='ltr'><strong><em>κατηγορίαι],</em></strong></span> <span class='ocrx_word' id='word_1_290' title='bbox 1158 4337 1196 4419; x_wconf 72' lang='grc' dir='ltr'><strong><em>ἃς</em></strong></span> <span class='ocrx_word' id='word_1_291' title='bbox 1220 4347 1280 4425; x_wconf 78' lang='grc' dir='ltr'><strong>ἐγὼ</strong></span> <span class='ocrx_word' id='word_1_292' title='bbox 1304 4347 1355 4412; x_wconf 80' lang='grc' dir='ltr'><strong><em>καί</em></strong></span> <span class='ocrx_word' id='word_1_293' title='bbox 1380 4349 1533 4414; x_wconf 82' lang='grc' dir='ltr'><strong><em>Πολύευκ-</em></strong></span> 
     </span>
     <span class='ocr_line' id='line_1_35' title="bbox 344 4450 1531 4537; baseline 0.006 -23"><span class='ocrx_word' id='word_1_294' title='bbox 344 4479 394 4526; x_wconf 83' lang='grc' dir='ltr'><strong>τος</strong></span> <span class='ocrx_word' id='word_1_295' title='bbox 421 4491 460 4501; x_wconf 90' lang='lat'>-</span> <span class='ocrx_word' id='word_1_296' title='bbox 487 4452 695 4532; x_wconf 72' lang='grc' dir='ltr'><strong><em>περιήλθομεν.</em></strong></span> <span class='ocrx_word' id='word_1_297' title='bbox 743 4450 850 4516; x_wconf 83' lang='lat' dir='ltr'><strong>Donec</strong></span> <span class='ocrx_word' id='word_1_298' title='bbox 881 4453 959 4518; x_wconf 81' lang='lat' dir='ltr'><strong>satis</strong></span> <span class='ocrx_word' id='word_1_299' title='bbox 988 4452 1145 4518; x_wconf 75' lang='lat' dir='ltr'><strong>constabit</strong></span> <span class='ocrx_word' id='word_1_300' title='bbox 1173 4454 1363 4536; x_wconf 73' lang='grc' dir='ltr'><strong><em>κατηγορίας</em></strong></span> <span class='ocrx_word' id='word_1_301' title='bbox 1387 4455 1531 4537; x_wconf 76' lang='grc' dir='ltr'><strong><em>περιϊέναι</em></strong></span> 
     </span>
    </p>
   </div>
   <div class='ocr_carea' id='block_1_7' title="bbox 0 0 1652 5104">
    <p class='ocr_par' dir='ltr' id='par_1_7' title="bbox 0 0 1652 5104">
     <span class='ocr_line' id='line_1_36' title="bbox 0 0 1652 5104; baseline 0 0"><span class='ocrx_word' id='word_1_302' title='bbox 0 0 1652 5104; x_wconf 95' lang='lat' dir='ltr'><strong> </strong></span> 
     </span>
    </p>
   </div>
  </div>
 </body>
</html>
