3356 5086
887 337 954 404 254

505 527 567 608 χρὴ
592 527 648 603 μὲν
674 527 840 610 coereeat
864 553 924 612 ys,
949 525 1022 611 lsai,
1047 522 1117 596 ἔντος
1141 522 1349 604 εἰρύσσασθαι.
1655 569 1656 608 3

369 635 587 701 Aristonicus:
631 635 661 719 (ἡ
702 634 810 717 διπλῆ)
848 630 894 700 ὅτι
929 634 1000 712 πρὸς
1038 640 1126 697 ΔΤΟ
1162 631 1344 708 ἀμείβεται.
1381 629 1416 694 τὸ
1454 626 1527 709 γὰρ
1655 645 1656 702 1

325 740 551 822 σφωΐτερόν
583 741 628 808 ἔτι
653 740 762 808 δνϊιιόν.
787 747 887 812 κακῶς
908 739 1008 806 ''APA
1031 737 1320 813 ritsrei'anc'ieror
1344 735 1413 801 τόν·

506 847 697 929 (οὐρανόθεν).
722 848 777 928 πρὸ
806 848 837 912 δέ
860 849 896 925 μ’
921 841 973 920 ἧκε
997 845 1054 911 νεα
1076 845 1260 916 λευκώλενος
1282 842 1371 925 Ἥρη.

326 955 378 1020 καὶ
402 953 439 1018 τό
463 976 471 992 ·

506 1057 604 1142 ἄμφω
630 1061 709 1134 lucie
734 1061 817 1142 δνμῷ
841 1057 994 1141 crateuas
1019 1083 1053 1126 τε
1079 1057 1227 1136 κηδομένη
1250 1080 1295 1124 τε.

371 1167 572 1234 Aristarchus
605 1168 708 1254 igitur
742 1187 805 1251 qua
837 1165 959 1232 solebat
993 1167 1234 1252 perspicacitate
1268 1163 1404 1230 ieliciter
1441 1181 1526 1227 usus

327 1276 547 1341 observaverat
569 1273 627 1338 hae
650 1294 717 1338 esse
741 1273 825 1358 apud
847 1271 1029 1339 Homerum
1052 1274 1279 1358 pronominum
1301 1267 1524 1356 personalium

326 1382 446 1448 formas
468 1380 590 1445 ductes}
613 1383 647 1445 in
670 1381 775 1465 prima
797 1397 943 1465 persona:

621 1494 723 1563 Nm,
747 1485 781 1550 id
804 1490 852 1552 cst
877 1489 966 1564 ἡμεῖς
990 1482 1043 1548 καὶ
1070 1486 1166 1561 ἡμᾶς.

328 1599 361 1659 et

625 1706 761 1775 ΝΩΙΝ,
783 1698 818 1763 id
842 1703 890 1764 est
912 1700 996 1776 iuria
1020 1697 1072 1762 xci
1100 1700 1181 1777 ἡμῖν.

329 1808 363 1871 in
387 1805 541 1872 emunda:

627 1919 750 1989 conl,
774 1912 880 1978 idest
905 1911 993 1990 ὑμεῖς
1017 1911 1068 1976 καὶ
1094 1912 1188 1989 ἡμᾶς.

329 2025 362 2086 et

630 2133 785 2201 conlN,
810 2126 916 2192 idest
939 2126 1021 2203 ὑμῶν
1045 2126 1097 2190 καὶ
1121 2126 1203 2204 ὑμῖν.

328 2235 362 2298 in
387 2236 493 2298 tertia:

296 2399 297 2402 ,
377 2347 513 2414 cone,
538 2337 573 2403 id
596 2343 644 2403 est
666 2337 799 2416 αὐτούς,
824 2357 899 2403 nam
923 2342 1011 2419 σφωε
1031 2338 1150 2423 ubique
1174 2343 1221 2404 ast
1244 2341 1453 2406 meumtirns.

329 2451 362 2512 et

377 2560 532 2628 (ΦΩΙΝ,
552 2553 586 2618 id
606 2557 654 2618 est
673 2553 774 2618 αὐτῶν
792 2557 826 2618 et
845 2554 949 2625 αὐτοῖς
970 2553 1128 2639 (αὐτοῖς),
1149 2553 1333 2619 encliticam
1348 2558 1523 2637 utrumque

330 2666 363 2728 at
393 2665 524 2728 accentu
548 2658 751 2724 destitutum.
797 2657 886 2724 Haec
916 2662 1023 2725 omnia
1052 2659 1250 2726 Zenodotum
1274 2663 1306 2725 et
1328 2660 1522 2744 antiquiores

330 2767 496 2856 fugerant,
522 2769 554 2830 et
576 2768 706 2832 omnino
729 2767 764 2830 in
781 2769 1007 2851 pronominum
1025 2767 1137 2833 formis
1156 2770 1239 2832 inter
1268 2786 1303 2832 es
1329 2764 1427 2830 stulte
1453 2784 1523 2849 per·

330 2872 502 2938 miscendis
524 2876 636 2958 poetas
659 2872 867 2938 Alexandrini
890 2893 1001 2939 omnes
1024 2876 1214 2960 conspirent.
1264 2869 1392 2938 Oleram
1414 2871 1521 2936 lucem

330 2979 526 3065 praeferebat
548 2978 662 3067 lingua
684 2981 809 3055 Attica,
835 2999 915 3064 quae
939 2984 988 3044 tot
1007 2979 1103 3046 habet
1127 3001 1163 3046 sc
1182 2985 1287 3046 tantas
1307 2978 1438 3067 linguae
1456 2975 1523 3042 Ho-

331 3087 467 3152 mericae
496 3087 531 3150 in
561 3085 710 3152 omnibus
740 3085 835 3152 rebus
865 3088 1016 3152 maximis
1046 3089 1194 3152 minimis
1217 3085 1462 3162 similitudines,
1486 3087 1524 3148 ut

331 3192 466 3256 minime
486 3194 585 3257 mirer
603 3193 787 3258 Aristarcho
805 3191 986 3258 Homerum
1004 3193 1234 3258 Atheniensem
1253 3192 1350 3257 fuisse
1368 3191 1472 3258 rideri
1486 3192 1521 3276 ¹).

331 3297 369 3362 ln
398 3297 655 3383 frequentissimo
685 3319 747 3364 usu
778 3305 837 3364 τῶν
867 3299 988 3376 δυ’ἱκῶν,
1021 3319 1116 3385 quem
1138 3297 1382 3386 lioguaAttioe
1404 3296 1522 3380 (obser-

331 3409 427 3471 vante
455 3405 639 3470 Aristarcho
670 3406 711 3471 ad
737 3404 830 3472 Iliad.
857 3414 898 3470 N.
926 3404 1015 3484 197.)
1039 3425 1114 3470 cum
1138 3404 1250 3492 lingua
1272 3402 1444 3469 Homerica
1467 3401 1522 3466 ha·

332 3511 386 3576 bet
409 3529 629 3587 communem,
654 3511 862 3578 Athenienses
885 3514 1069 3596 saepissima
1091 3520 1173 3576 Nm
1199 3517 1232 3576 et
1255 3517 1389 3581 ΝΩΙΝ.
1415 3515 1520 3572 com

333 3623 365 3684 st
397 3625 531 3686 ΟΦΩΙΝ
561 3618 757 3702 usurpabant
787 3617 842 3683 sed
873 3620 908 3682 in
929 3638 1029 3683 unam
1052 3617 1212 3705 syllabam
1235 3613 1453 3696 contrectaret
1478 3651 1520 3662 -

264 3741 269 3746 ·
332 3725 405 3807 νῷν,
428 3719 498 3805 copi
522 3760 566 3774 -
589 3725 694 3805 σφῷν,
718 3743 781 3789 non
804 3724 841 3790 act
866 3730 899 3790 et
920 3723 1008 3809 σφώ,
1032 3729 1069 3790 ut
1090 3723 1173 3789 infra
1191 3723 1404 3790 ostendamus.
1436 3723 1522 3786 Aris·

369 4043 394 4110 1)
411 4042 500 4094 Eadem
522 4043 649 4110 sagacitate
669 4045 823 4096 Aristarchus
840 4045 966 4096 Homerici
981 4045 1096 4095 cuminis
1112 4047 1233 4096 metuam
1250 4060 1279 4094 οι
1296 4044 1377 4094 Attice
1392 4043 1522 4094 anundum

333 4140 381 4174 esse
398 4124 541 4190 collegitur
558 4125 629 4176 iliad.
647 4125 677 4175 N.
695 4130 754 4177 827.

610 4215 705 4276 τιοίμην
724 4213 748 4264 δ’
766 4215 797 4273 ὥς
816 4217 879 4266 τίετ’
904 4216 1014 4276 Ἀθηναίη
1034 4215 1075 4264 καὶ
1097 4217 1238 4275 Ἄπολλον,

334 4307 375 4356 ubi
392 4308 533 4356 muotaiur:
556 4299 616 4352 tto
639 4303 758 4364 Ἀθηναῖον
776 4303 913 4355 ὑπονοοῦσιν
932 4305 1048 4370 Ὅμηρον·
1068 4313 1178 4371 πατρῷον
1196 4306 1245 4370 γὰρ
1262 4311 1365 4368 τιμὸσιν
1380 4307 1524 4356 'Arethusa

335 4394 389 4443 Δία.
413 4394 520 4445 umens·
539 4397 694 4454 Ἀπόλλωνα,
714 4389 786 4456 (ἀλλ’
806 4393 845 4459 οὐ)
866 4396 921 4446 Δία.
943 4395 1012 4447 Plato
1030 4397 1055 4446 iu
1073 4395 1219 4461 Euthydemo
1235 4413 1290 4464 pag.
1308 4399 1365 4448 θῦε.
1383 4411 1406 4448 c.
1424 4395 1467 4445 cire
1484 4393 1523 4457 ἵςι

334 4486 391 4541 ztir
410 4491 521 4552 πατρῷος
542 4511 573 4522 -
594 4484 655 4535 ω’
676 4485 802 4535 ’Aetam
822 4493 932 4552 πατρῷος
952 4483 992 4535 διὰ
1009 4486 1055 4546 eris
1075 4487 1155 4543 Ἵοονος
1174 4485 1275 4548 γένεσιν.
