3348 5086
720 363 785 434 427

168 561 217 626 ita
239 559 426 645 respondet:

306 660 485 745 Εύρννίμη,
509 662 554 740 μη
577 669 727 727 TATTA
752 658 899 742 παραύδα
922 659 1071 744 κηδομένη
1093 683 1150 744 περ

311 770 420 859 [χρῶτ’
444 768 668 834 ἀπονίπτεσθαι
692 766 744 832 καί
768 766 960 847 ἐπιχρίεσθαι
984 771 1130 852 ἀλοιφῇ.

170 877 328 942 secundus
358 896 469 942 versus
500 875 628 960 spurius
659 879 706 938 est
736 877 769 938 et
799 893 863 939 una
884 872 984 938 litura
1005 873 1168 940 delendus.
1215 875 1364 942 Refertur

171 982 211 1049 de
240 1002 331 1049 more
361 987 468 1048 ταῦτα
498 979 538 1046 ed
570 999 607 1046 ea
636 999 718 1065 quae
747 979 954 1066 praecedunt,
987 985 1020 1046 et
1045 1001 1139 1048 nemo
1162 985 1234 1067 post
1256 985 1363 1048 ταῦτα

171 1088 284 1155 eadem
306 1090 433 1175 repetit„
478 1085 536 1152 hist
559 1088 657 1152 etiam
680 1084 818 1152 ultorum
841 1092 966 1151 certum
989 1091 1021 1151 et
1038 1087 1259 1154 indubitatum
1279 1088 1363 1154 freu-

171 1302 298 1366 nienses
328 1320 437 1367 omncs
468 1305 500 1366 et
521 1298 767 1365 Atheniensium
791 1300 1033 1383 antiquissimus
1053 1299 1214 1366 Homerus
1236 1319 1366 1367 summa

172 1409 352 1473 constantia
374 1406 493 1491 ubique
516 1404 602 1486 νίζω,
626 1403 776 1485 ἀπονίζω,
802 1402 942 1486 διανίζω,
967 1405 1104 1488 περινίζω
1130 1407 1278 1473 dicebant
1296 1409 1366 1473 sins

172 1509 242 1577 ulle
264 1515 447 1598 exceptione
470 1514 504 1576 in
525 1513 685 1597 praesenti
707 1515 851 1598 tempore
872 1517 905 1578 et
926 1513 1123 1599 imperfecto.
1171 1511 1207 1578 In
1234 1516 1366 1579 caeteris

172 1618 269 1698 νίψω,
299 1617 410 1701 ἔνιψα,
435 1618 583 1699 νίψσμαι,
608 1615 781 1698 ε’νιψάμην,
804 1617 889 1684 unde
911 1615 1039 1692 ἀνιπτος
1062 1622 1095 1684 et
1118 1617 1310 1698 ποδάνιπτρα
1334 1622 1368 1684 et

173 1722 237 1790 aha
265 1722 408 1810 plurime
429 1723 647 1790 nascebantur.
694 1723 732 1788 In
753 1743 818 1789 uno
842 1722 1001 1812 Odysseae
1023 1722 1106 1790 libro
1129 1748 1149 1789 τ
1172 1724 1250 1790 haec
1272 1724 1365 1791 vide:

175 1827 252 1895 356.
282 1830 375 1912 νίψει.
408 1827 484 1895 358.
516 1829 612 1909 νίψον.
638 1827 714 1895 374.
739 1832 792 1895 οὐκ
816 1828 892 1914 ίάρος
916 1831 1013 1912 νίζειν.
1041 1827 1117 1894 376.
1142 1830 1184 1911 τῷ
1208 1854 1244 1895 σε
1267 1828 1365 1904 πθδαο

174 1935 264 2016 νίψω.
289 1933 366 2002 387.
389 1941 443 2002 τοῦ
467 1936 564 2008 πύδατ
588 1933 623 2012 ἓξ
644 1934 796 2016 ἀπίνιζεν.
823 1933 900 2001 392.
925 1935 997 2017 νίζε.
1023 1932 1099 2000 505.
1125 1933 1190 2001 ἐπεί
1216 1937 1314 2015 νίψεν.
1335 1942 1367 2002 et

175 2044 221 2108 sic
251 2045 373 2129 passim
400 2045 434 2107 in
459 2046 596 2128 utroque
610 2045 763 2136 ‚carmine
786 2052 823 2108 Κ.
848 2039 925 2109 572.
950 2041 1016 2123 ίδρῶ
1041 2041 1157 2106 πσλνιίν
1179 2041 1366 2122 ἀπενίζοντο.

177 2146 204 2230 ζ.
236 2146 316 2215 224.
350 2146 433 2230 χρία
456 2148 563 2231 νίζετο.
610 2147 736 2216 (laeteri
757 2168 867 2214 omnes
888 2147 1096 2214 Athenienses
1119 2150 1154 2213 in
1177 2169 1214 2214 ea
1236 2169 1270 2214 re
1293 2146 1368 2214 tide·

175 2253 251 2322 liter
282 2276 359 2321 cum
388 2254 530 2321 Homero
552 2257 741 2340 conspirent.
788 2254 825 2319 In
847 2256 1005 2341 praesenti
1027 2259 1171 2339 tempore
1195 2251 1366 2338 ἀπονίζειν,

177 2360 319 2443 διανίζειν
352 2365 427 2427 cett.
448 2363 483 2426 in
506 2363 638 2427 caeteris
660 2360 830 2440 ἀπονίψαι,
855 2361 1085 2445 ἀπονίψασθαι,
1109 2357 1368 2444 ἀπονενιμμένος,

177 2467 345 2558 Tragicos,
377 2463 542 2542 Oomioos‚
574 2465 713 2552 reliquos
738 2487 853 2554 ¹omnes
882 2471 1062 2534 constanter
1083 2467 1193 2532 audies
1216 2466 1366 2531 dicentes.

178 2571 288 2642 Grates
310 2573 467 2640 Athenaei
489 2591 563 2661 pag.
587 2569 664 2640 267.
687 2581 724 2638 Ε.

292 2677 386 2760 ἔγχει
412 2679 516 2744 κύαθε.
540 2675 647 2746 ποῦσθ’
672 2680 689 2754 ἦ
715 2675 806 2754 κύλιξ
814 2704 825 2753 ι
852 2677 962 2759 διάνιζ
987 2679 1075 2744 ίοῦσα
1099 2679 1228 2754 σαύτην.

178 2785 399 2872 exemplorum
422 2785 517 2873 plena
539 2792 614 2850 sunt
636 2786 754 2852 omnia.
800 2783 862 2851 His
884 2787 988 2874 igitur
1011 2785 1160 2852 omnibus
1183 2805 1262 2848 ιιιιιω
1283 2781 1368 2869 apud

176 2892 358 2960 Homerum
391 2891 481 2958 locus
514 2891 699 2959 adversetur
731 2893 823 2978 isque
857 2894 956 2958 etiam
986 2890 1051 2957 ulia
1080 2893 1174 2978 gravi
1204 2889 1244 2956 de
1275 2909 1370 2954 causa

178 2999 385 3067 vehementer
412 3009 587 3084 suspectus.
633 2995 800 3084 Sequioree
831 2996 963 3063 demum
994 3019 1034 3063 ex
1066 2997 1159 3075 νίψω,
1183 2993 1275 3074 ἔνιψα
1297 3015 1369 3061 ena

178 3104 302 3194 logium
332 3108 433 3171 secuti
464 3105 561 3170 νίπτω
590 3105 769 3171 formarunt
796 3114 833 3184 ,et
864 3102 972 3170 crebro
994 3107 1158 3188 usurpant
1181 3120 1183 3124 ·
1206 3101 1370 3187 Usurpent

179 3231 268 3296 sane,
291 3210 387 3276 modo
408 3231 449 3276 ne
472 3211 543 3295 quis
564 3210 607 3274 τά
631 3209 791 3290 νεωτερικά
814 3214 920 3274 ταῦτα
942 3213 975 3276 et
998 3229 1038 3276 ex
1060 3229 1163 3275 errore
1186 3212 1262 3275 nate
1284 3209 1367 3274 enti·

181 3318 252 3402 quis
274 3315 458 3382 litterarum
479 3317 695 3382 monumentis
718 3315 857 3382 affricare
879 3315 969 3383 velit.

225 3421 337 3488 Unum
368 3422 461 3488 eddo:
493 3442 588 3489 nemo
617 3422 862 3487 Atheniensium
891 3425 1016 3507 practer
1050 3421 1155 3487 solum
1189 3419 1370 3486 Homerum

179 3531 284 3594 utitur
313 3529 412 3594 verbo
442 3527 582 3614 simplici
612 3529 709 3610 νίζειν.
734 3525 887 3609 ἀπονίζειν
912 3526 1067 3594 dicebant
1117 3527 1197 3608 Quis
1218 3527 1370 3605 τάγννμι,

180 3633 293 3712 ίλνινμι
324 3633 451 3721 praeter
478 3633 660 3700 Homerum
684 3653 839 3718 umquem
861 3633 946 3698 dixit
966 3654 1024 3720 pro
1047 3633 1249 3712 sandycem,
1274 3631 1373 3697 ἀπίλ-

180 3737 276 3820 λνμιί
310 3739 483 3806 Poetarum
514 3745 589 3806 sunt
621 3741 752 3824 θνησκω,
785 3739 907 3818 κτείνω,
933 3740 1064 3824 φθείροι,
1088 3738 1225 3826 populus
1248 3737 1374 3803 dicebat

180 3845 378 3925 ἀποθνήσκω,
403 3847 593 3926 ἀποκτείνω,
618 3847 791 3928 διαφθείρω.
826 3845 938 3931 Itaque
961 3846 1065 3911 ι’ίίοίκσ
1090 3843 1174 3932 apud
1193 3842 1372 3909 Homerum

181 3957 229 4019 eat
260 3951 407 4030 ἀνιττος,
436 3953 571 4020 Athenis
602 3950 822 4027 ἀναπίνιπτος.
870 3951 1023 4019 Perverse
1054 3953 1181 4037 scripsit
1209 3949 1374 4016 Behkerus

183 4069 219 4127 z.
243 4057 328 4127 266:

364 4167 453 4249 χερσί
479 4168 505 4234 δ’
530 4168 692 4250 ἀνίστησιν
716 4165 773 4234 Διί
792 4166 911 4245 λἐίβειν
935 4166 1047 4232 αίθοπα
1071 4151 1169 4230 εοῒνύν.

226 4271 349 4340 Melius
371 4274 575 4340 Aristarchus
597 4276 776 4340 ἀνίπτοισιν.
813 4274 1029 4339 Aristonicus:
1053 4271 1070 4345 ἡ
1092 4272 1187 4343 διπλῆ
1209 4267 1375 4355 (περιεςιγ-

184 4379 273 4466 μίνη)
305 4375 351 4446 ίτι
383 4381 543 4456 Ζηνόδοτος
576 4381 695 4463 γράφει
729 4382 797 4446 ἀνί
803 4403 962 4462 πτησιν.
999 4380 1052 4444 ούκ
1082 4376 1127 4445 ἔτι
1157 4377 1190 4442 δὲ
1220 4377 1238 4452 si
1272 4375 1375 4441 εύθεΐα

184 4485 251 4554 ἀνί
258 4510 350 4564 πτη.
394 4485 619 4562 ’Λνιιτίνιπτος
651 4487 773 4576 legitur
798 4488 833 4552 in
856 4485 1079 4572 Aristophanis
1101 4483 1214 4570 squirs
1241 4478 1318 4549 357.
1343 4488 1375 4547 et
