3348 5086
716 374 782 444 435

199 572 230 630 Ξ.
256 562 334 630 229.
354 566 445 629 τοῦτο
465 564 500 629 τί
520 562 581 646 ίροσ
600 563 627 653 (ί
643 565 758 656 Ἄίως)
778 565 875 637 ςάδιοο
895 566 1055 648 τριοοιιίσιοι
1075 569 1202 648 Λήμνου
1221 567 1342 647 ἀπέχον

152 669 272 752 σκιάζει
298 671 407 746 κὺτην.
431 670 484 736 κοιί
509 674 526 747 ἡ
551 673 720 751 ποιροιμίοι·

423 777 523 850 Ἀίως
547 774 664 857 σκιοίζει
688 774 753 844 ὦτοι
776 779 920 857 Λημνίοος
934 778 1027 858 ’βείω

152 883 245 949 scrib.
269 881 387 965 οκιάζει
412 887 519 950 Νῶτοι.

200 1104 233 1162 Ξ.
256 1092 336 1164 276.
362 1094 464 1170 Ληίης
489 1099 713 1173 γενειολογοῦσι
737 1093 796 1169 τάς
822 1095 971 1174 Χάριτοις.
994 1093 1047 1158 κοοί
1072 1095 1086 1158 ί
1111 1094 1268 1174 Κωμικίς·

381 1194 453 1280 ἀμοο
475 1200 640 1269 τετέλετοοι
665 1200 717 1265 κοοί
741 1199 880 1276 τέθνηκεν
906 1201 923 1276 η
946 1199 1049 1283 χάρις.

197 1307 302 1374 Notus
325 1313 373 1374 est
395 1306 484 1373 loeus
506 1306 696 1374 Menandri:

379 1411 439 1493 ἀμ’
462 1413 591 1488 ἀλέηται
613 1414 665 1478 κοιί
689 1411 830 1488 τέίνηκεν
855 1415 873 1489 ἀ
896 1411 1009 1493 χάριι,

382 1511 415 1593 ἣν
439 1518 576 1598 δεόμενος
602 1519 668 1585 τάπ’
693 1518 846 1589 ἀίάνοοτον
869 1515 947 1594 ἕξειν
970 1516 1044 1601 ἔφη.

198 1738 231 1798 Ξ.
266 1727 344 1794 861.
377 1731 402 1794 εί
436 1729 466 1794 δέ
496 1728 566 1801 ἕως
591 1729 678 1795 κίον
700 1736 826 1806 Λῆμνον
851 1729 1020 1810 ἀπέτρεψεν
1042 1727 1082 1794 ἀν
1105 1729 1177 1796 έκεῖ.
1223 1731 1345 1818 Legen-

153 1837 251 1902 dum:
274 1837 299 1901 εί
322 1836 352 1901 δέ
377 1836 468 1920 ᾤκει
492 1844 627 1915 Λῆμνον.
649 1835 677 1900 σε’
695 1836 800 1900 Lemni
817 1835 1086 1914 ἀοίίίοωοί,ἰ11ιιο
1096 1857 1240 1903 reversus
1252 1843 1344 1903 esset.

199 2055 238 2112 0.
266 2045 318 2110 41.
345 2047 377 2111 οὐ
401 2044 464 2127 γάρ
489 2043 541 2109 διά
564 2046 620 2119 την
643 2047 739 2120 οοάτῆς
759 2044 906 2124 βούλησιν
926 2044 940 2109 ι’
960 2043 1107 2110 Ποσειδῶν
1127 2052 1192 2117 τοῖς
1210 2043 1344 2119 Ἕλλησι

151 2154 272 2233 βοηίεῖ,
304 2151 386 2225 σοιἰτη
410 2152 511 2228 μέντοι
537 2161 681 2232 συνεργεῖ
700 2161 772 2218 ΚΑΙ
797 2151 974 2229 κοιμήσκσοο
998 2150 1049 2215 τὸν
1072 2151 1147 2215 Δίον.
1195 2150 1345 2216 Lehrsius

152 2261 207 2326 κιιί
227 2261 400 2346 expunxit,
421 2258 477 2324 sed
496 2261 674 2336 κοιμητοισοο
694 2263 861 2345 poetarum
882 2263 937 2324 est.
975 2257 1062 2345 Lege
1079 2258 1345 2333 κκτοικοιμίσοισοο.

198 2478 238 2534 0.
267 2468 343 2535 708.

779 2575 1060 2657 fflfflfflm

288 2679 383 2762 τίξων
405 2682 499 2754 ἀιίιάς
523 2681 628 2764 ἀμφίς
651 2681 740 2760 μένον
764 2680 830 2747 οὐδέ
854 2680 886 2746 τ’
911 2681 1055 2748 ἀκίντων.

289 2790 365 2854 ἀλλ’
388 2785 448 2867 οἵγ’
474 2787 606 2867 έγγάίεν
630 2788 768 2866 ίςάμενοι
794 2784 847 2854 ἕνοο
872 2789 963 2868 ίνμίιν
991 2787 1115 2872 ἔχοντες

288 2893 368 2971 ίξέοι
393 2895 428 2971 δὴ
453 2894 617 2960 πελέκεσσι
642 2895 694 2961 κοιί
720 2892 838 2977 ἀξίνησι
863 2895 1006 2977 μοίχοντο

289 3001 343 3065 κοιί
367 3003 489 3082 ξίφεσιν
513 3000 680 3080 μεγάίιοισι
706 3002 759 3066 κοοί
785 3001 914 3083 ἔγχεσιν
938 3003 1153 3083 ἀμφιγύοισιν.

289 3108 394 3173 πολλὰ
419 3107 450 3172 δέ
474 3107 631 3190 φάσγοονκ
656 3111 742 3173 κοιλά
766 3107 946 3186 μελάνδετοο
971 3110 1131 3183 κωπήεντα

290 3211 379 3279 ἀλλον
402 3215 459 3291 μέν
483 3215 517 3278 ἐκ
540 3221 650 3295 χειρῶν
673 3215 818 3297 χοομάδις
843 3215 953 3299 πέσον,
980 3211 1069 3279 ἄλλοι
1092 3214 1119 3279 δ’
1141 3215 1198 3279 ἀπ’
1221 3216 1307 3295 ὤμων

201 3325 205 3332 ’
289 3320 401 3400 ἀνδρῶν
424 3320 637 3399 μοιρνοομένων.

152 3427 193 3493 ed
216 3426 295 3492 haee
318 3429 353 3490 in
375 3434 404 3491 A
427 3426 490 3492 duo
514 3426 635 3492 scholia
657 3426 810 3515 leguntur
832 3447 896 3493 uno
920 3432 1026 3492 tenore
1050 3428 1251 3494 continuate:

152 3533 219 3598 καί
253 3531 419 3614 ξίφεσιν
450 3532 690 3609 μεγάλοισιτ
721 3533 880 3598 ἀέετεῖτοοι
910 3529 956 3597 ὅτι
987 3533 1114 3607 εὐτελὴς
1141 3535 1154 3598 ί
1178 3536 1266 3614 ςίχος
1291 3539 1342 3602 κοιί

154 3639 197 3726 (ἡ)
228 3636 340 3712 ἰδιότης
371 3645 426 3711 τῆς
458 3637 569 3718 μάχης
600 3642 632 3704 οὐ
665 3637 807 3719 σώζεται.
840 3637 946 3722 ξίφεσι
979 3640 1035 3716 μέν
1067 3640 1130 3718 γάρ
1154 3641 1206 3705 κοιί
1230 3640 1343 3724 ἔγχεσι

151 3748 289 3810 πάντοτε
319 3743 496 3830 μάχοντοοι,
529 3749 580 3809 νῦν
607 3745 637 3810 δὲ
670 3745 815 3811 πελέκεσι
846 3745 897 3810 κοιί
922 3743 1053 3821 ἀξίνιιις.
1080 3747 1093 3810 ί
1117 3747 1149 3812 δὲ
1174 3749 1341 3824 Διονύσιος·

154 3859 238 3930 ηπῶς
264 3845 313 3916 οὖν
337 3849 474 3932 έπιφέρει

380 3956 485 4022 πολλοὶ
510 3957 541 4023 δὲ
565 3956 723 4038 φάογοινοο

383 4061 472 4128 ἀλλά
494 4065 551 4142 μέν
575 4064 610 4128 εἰι
632 4069 739 4146 χειρῶν
762 4061 905 4143 χάμοοδις
933 4062 1035 4132 πέσον.

151 4170 177 4234 εί
200 4170 246 4247 μη
271 4163 356 4250 είχον
381 4169 458 4252 ξίφη
467 4169 492 4244 ;”

150 4274 289 4340 πολλὰ
313 4274 351 4339 δὲ
374 4275 581 4355 φάσγιονοι
606 4275 731 4340 κοιλάτ
757 4271 802 4339 ὅτι
826 4275 861 4340 oe
881 4275 1046 4357 χρωμένων
1064 4285 1125 4349 τοῖο
1146 4276 1253 4360 ξίφεσι
1270 4284 1342 4363 πρὸς

149 4381 263 4463 μοίχην
293 4381 438 4461 χκμάδις
469 4383 614 4461 ἔπιπτον,
647 4382 737 4448 ἀλλά
761 4389 818 4448 τῶν
842 4381 928 4459 ὤμων
952 4382 1144 4461 κοπτομένων
1167 4393 1229 4456 τοῖς
1253 4391 1343 4455 πελέ-

150 4514 217 4556 κεσι
250 4487 305 4554 κοιί
338 4495 397 4556 τῶν
428 4496 551 4572 κοιρπῶν
583 4489 637 4556 σὺν
661 4497 723 4562 τοῖς
746 4487 879 4570 ξίφεσιν.
928 4489 1140 4557 Difficultates
1163 4492 1260 4559 huius
1281 4495 1342 4562 loci
