3348 5086
336 524 427 608 μένον
457 528 542 594 κατὰ
574 527 625 593 πθν
655 532 708 594 τοῦ
735 528 806 602 Διθς
830 525 907 596 οἶκον
939 529 1047 610 θμοθονς
1071 531 1124 596 ἕπθ
1148 557 1182 596 πε
1207 535 1267 610 γῆν
1291 529 1343 595 καὶ
1366 528 1494 612 οὐρανὸν
1520 529 1540 606 ή

335 635 481 717 αποφορθν
504 637 671 702 διἰἀνεῑσαι.
719 634 823 722 Ipsius
848 637 1024 704 Aristarchi
1047 639 1124 706 haec
1147 638 1347 726 paraphrasis
1370 643 1428 704 est.
1454 637 1540 704 Vul-

338 747 416 830 gata
438 748 513 808 nata
535 743 664 808 videtur
686 763 725 808 ex
751 754 790 808 A.
815 741 892 809 426.

450 849 504 914 κα)
529 847 596 914 πότ’
619 847 729 914 ἔπειτα
754 873 799 915 σοι
823 845 888 929 εἶμι
913 851 986 923 Διθς
1010 849 1080 915 ποσὶ
1100 847 1307 931 χαλκοβατὲς
1330 846 1383 916 δῦ.

374 1059 452 1126 Ποπθ
475 1065 508 1128 et
532 1059 602 1140 περθ
625 1061 754 1127 confirss
777 1064 852 1126 sunt
877 1070 910 1130 Ξ.
935 1058 1010 1126 398.

532 1162 640 1231 πθσσον
664 1190 704 1243 γε
727 1165 798 1231 ποτ)
823 1164 924 1247 δρυσὶν
948 1167 1140 1249 ὑψικόμοισιν
1162 1165 1285 1233 Ἠπθει.

326 1273 383 1338 ubi
406 1272 441 1338 in
465 1271 538 1338 eliis
561 1278 609 1339 eet
633 1271 699 1354 περὶ
724 1271 834 1354 δρνσθν.

372 1378 594 1447 Memorabilis
617 1380 706 1446 locus
729 1384 778 1445 est
807 1389 845 1444 Θ.
871 1375 948 1445 378.

966 1481 1047 1566 θφρα
1074 1485 1200 1564 ubuum

550 1592 567 1668 ή
592 1595 645 1658 νῶϊ
666 1591 814 1674 Πριοθριοιο
838 1592 915 1663 arctis
944 1590 1133 1672 κορυθαιθλος
1155 1591 1275 1672 Ἕκτωρ

550 1699 676 1776 γηθήσει
701 1698 892 1781 προφανέντε
916 1697 978 1762 οθνθι
1004 1699 1168 1776 πτολέμοιο
1191 1696 1347 1780 γεφύραις.

370 1806 454 1870 Ante
477 1806 697 1872 Aristarchum
720 1805 906 1892 legebatur:

502 1911 628 1989 γηθήσει
654 1912 863 1993 προφανεθσας
889 1908 957 1974 itta
981 1909 1012 1980 ἒς
1037 1908 1144 1973 δοῦπον
1168 1904 1312 1973 οῦκθνπινν.

368 2018 571 2083 Aristarchus
593 2019 678 2085 vidit
700 2015 916 2099 προφανθνΤθ
939 2036 1006 2080 esse
1029 2036 1143 2080 verum
1167 2020 1198 2080 et
1217 2011 1415 2100 comparavit
1438 2031 1525 2092 πλη-

323 2121 417 2201 γένπε
440 2126 572 2205 κεραυνῷ
596 2146 643 2190 vs.
669 2124 748 2190 455.
772 2130 805 2190 et
829 2145 868 2189 ex
891 2121 1047 2188 Hesiodo:

460 2227 556 2301 stete
580 2229 633 2294 κα)
658 2225 1149 2308 Νέμεσις-καλυψαμένα
1170 2224 1252 2308 χρθα
1276 2226 1372 2293 ααλθν

458 2335 619 2401 erusteus
642 2337 728 2415 μετὰ
752 2339 852 2419 φῦλον
875 2335 937 2401 ἴσον
960 2332 1197 2415 προλιπόντ’
1219 2332 1400 2413 ἀνθρώπους.

367 2442 523 2509 Videntur
541 2446 608 2510 iam
625 2442 705 2509 olim
727 2447 851 2508 veteres
867 2444 978 2508 mirati
995 2441 1073 2527 quid
1092 2444 1174 2506 esset
1189 2441 1379 2522 προφανέντε
1396 2447 1520 2509 temere

320 2550 486 2634 antiquam
508 2552 699 2635 scripturam
722 2554 864 2614 mutasse
888 2552 921 2614 et
945 2546 1155 2631 προφανείσαο
1175 2547 1377 2612 substituisse
1396 2545 1436 2613 de
1456 2569 1519 2615 suo

319 2656 436 2742 nugati
466 2654 618 2720 uttimem
648 2676 715 2720 esse
744 2655 875 2720 brevem
907 2659 946 2721 ut
972 2658 1005 2720 iu
1028 2654 1132 2719 forma
1153 2653 1277 2720 Dorica.
1324 2653 1519 2722 Rectissime

320 2763 423 2849 igitur
441 2749 586 2827 veterem
598 2761 735 2826 formam
755 2761 958 2826 Aristarchus
977 2763 1011 2826 in
1031 2759 1137 2826 lucem
1154 2761 1334 2844 revocavit,
1355 2760 1411 2826 sed
1428 2763 1517 2846 quod

320 2867 489 2932 substituit
517 2868 578 2931 οὶνοὶ
605 2867 770 2944 πτολέμοιο
795 2867 939 2951 γεφύρας
958 2872 1086 2953 propter
1107 2868 1365 2952 ingratissimum
1384 2866 1514 2935 hiatum

320 2971 512 3053 προφανέντε
535 2972 595 3036 θνα
619 2993 682 3038 non
706 2978 755 3038 est
776 2972 844 3038 ullo
865 2972 959 3039 modo
983 2972 1159 3037 ferendum.
1194 2971 1336 3058 Utraque
1355 2976 1516 3060 scripture

319 3081 354 3145 in
376 3101 476 3145 unam
499 3079 632 3146 conflata
656 3081 757 3145 exibit
779 3100 895 3153 versus
912 3077 1055 3144 Homero
1079 3078 1215 3166 dignus:

501 3187 626 3264 γηθήσει
651 3187 841 3268 προφανέντε
866 3186 947 3251 ιιδὼν
972 3186 1001 3257 ἐς
1027 3185 1135 3250 δοῦπον
1157 3182 1301 3250 θαθνποιν.

319 3297 357 3356 ut
381 3301 422 3357 A.
449 3289 524 3357 364.
549 3293 598 3357 θὼν
622 3293 651 3368 ἐς
676 3295 784 3358 δοῦπον
807 3290 963 3378 οθαθνποιν,
990 3296 1022 3358 et
1046 3291 1133 3357 alibi.

845 3605 993 3673 LXXVI.

660 3815 855 3882 ἨΡΟΜΗΝ
883 3832 947 3881 uos
969 3815 1172 3906 'HPAMHN
1296 3883 1305 3902 ,

365 4023 507 4091 Verbum
532 4023 741 4091 Homericum
766 4024 854 4106 θεθρα
879 4031 912 4092 et
935 4027 1076 4105 οὶεθροααι
1100 4023 1197 4090 habet
1216 4025 1369 4089 aoristum
1387 4023 1517 4106 primam

319 4131 424 4210 ήειρα,
457 4129 572 4211 ἄειρον,
613 4133 732 4210 οῦεῖραι.
774 4133 880 4213 ιὶεθρας
912 4138 944 4198 et
984 4136 1017 4197 in
1050 4133 1153 4199 forma
1189 4131 1295 4196 media
1325 4127 1516 4208 ἀειράμενος.

319 4235 428 4304 Habet
450 4240 548 4303 etiam
571 4240 604 4302 in
628 4237 731 4304 forme
752 4240 859 4305 medie
884 4241 1038 4305 aoristum
1064 4239 1221 4302 secusdum
1238 4235 1366 4315 ήρθμην,
1389 4236 1515 4316 οὶρθμην.

366 4344 420 4418 σήν
443 4341 558 4423 οὶρθμην
583 4354 624 4409 Ψ.
652 4343 728 4409 592.

366 4451 420 4526 τήν
444 4447 528 4532 ἄρετ’
552 4449 587 4528 ἐξ
610 4449 736 4531 ἕνοθραν,
762 4461 787 4519 Ι.
813 4449 888 4518 188.
