3356 5084
885 350 952 419 450

318 552 390 610 rent
420 545 542 613 scilicet
572 545 736 626 ἐέρνλΕΙσε
767 545 805 616 ῶς
838 551 871 608 et
893 563 941 627 sq.
964 541 1026 606 δεῖν
1049 542 1084 606 in
1108 539 1157 606 δεῖ
1176 544 1355 608 mutarunt.
1403 540 1512 607 Resti-

320 655 386 718 tuit
415 673 484 718 rem
514 651 649 730 Reieke,
680 672 777 738 quem
806 652 876 715 inre
906 647 1051 715 Dindcrf.
1084 648 1239 734 sequitur.
1288 647 1380 729 Quod
1402 653 1514 715 autem

319 757 465 825 Dindori.
495 764 630 845 utroque
659 755 729 823 loco
762 757 985 832 ἐκπολεμΗσαι
1018 774 1075 840 pro
1106 754 1338 831 ἐκπολεμΩσαι
1369 755 1516 839 reposuit

320 883 486 949 perperam
516 863 638 929 iactum
661 881 728 928 esse
751 860 895 928 arbitror.
945 859 1081 948 Legitur
1103 880 1136 946 p.
1162 857 1215 926 30.
1239 859 1294 926 20.
1317 862 1353 925 in
1374 859 1397 926 S
1420 861 1515 924 ἐκπο-

320 965 456 1048 λεμῶσαι
490 969 606 1048 „litera
628 996 649 1036 ω
670 991 690 1032 ιι
712 991 749 1033 ιιι.
773 967 899 1053 antiquo
920 964 1149 1050 repertorem
1175 968 1274 1033 etiam
1298 987 1371 1054 pag.
1398 964 1453 1031 11.
1482 965 1513 1031 l.

324 1097 369 1152 „a
392 1076 496 1160 primo
525 1075 630 1140 νιιαιιιι”
662 1073 685 1140 S
716 1078 821 1141 servat
849 1073 1077 1151 ἐκπολεμῶσαι.
1124 1073 1257 1138 Accedit
1289 1074 1516 1139 testimonium

320 1179 580 1269 Harpocrationis
604 1203 637 1249 v.
667 1183 976 1259 Ἐκπολεμῶσαιτ
1003 1177 1198 1258 Δημοσθένης
1220 1185 1418 1252 Φιλιππικοῖς
1442 1179 1515 1244 cirri

322 1291 376 1353 ποῶ
400 1289 457 1362 εἷς
481 1287 655 1367 πόλεμον
678 1294 939 1362 κασαςιῖσαι,
965 1287 1003 1360 ῶς
1024 1285 1076 1352 καὶ
1100 1285 1187 1368 παρὰ
1208 1285 1373 1366 Θονκοδιδρ
1394 1284 1516 1351 πολλοὶ·

324 1416 382 1466 κις.
406 1393 436 1458 ἐν
458 1393 564 1474 με’νσοι
587 1401 650 1467 τοῖς
674 1396 879 1466 ’Λπτικιανοῖς
903 1391 955 1459 δια
975 1397 1028 1458 σοῦ
1051 1401 1077 1457 Η
1097 1391 1274 1475 γροέφεσαι,
1293 1394 1332 1465 ῶς
1351 1391 1405 1457 καὶ
1424 1391 1516 1472 παρὰ

326 1505 495 1583 Ξενοφῶντι
526 1502 557 1566 ἐν
583 1498 661 1582 ἕκτῳ
683 1503 879 1574 Ἑλληνικῶν.
925 1497 988 1564 His
1010 1500 1114 1587 igitur
1134 1496 1317 1566 Dindorfiue
1340 1496 1436 1564 iidem
1458 1497 1516 1564 he·

324 1606 398 1684 bet,
432 1628 492 1696 ego
521 1628 623 1694 neque
653 1604 899 1692 Harpocrationi
929 1626 1032 1691 neque
1058 1605 1230 1672 Atticianie
1251 1605 1426 1692 quidquem
1450 1625 1517 1670 cre-

324 1712 465 1779 dendum
498 1734 564 1780 esse
599 1713 748 1780 existimo
780 1714 815 1776 in
849 1731 886 1777 ea
920 1709 1050 1796 quidem
1083 1731 1132 1790 re,
1168 1732 1248 1796 quae
1277 1731 1351 1778 cnm
1381 1710 1516 1799 linguae

326 1815 465 1887 Graecae
494 1822 616 1886 ratione
646 1823 679 1885 et
700 1838 763 1884 usu
786 1823 894 1904 aperte
917 1821 1051 1906 pugnat.
1098 1815 1382 1905 Harpocrationem
1404 1819 1439 1882 in
1462 1815 1515 1882 his

324 1926 418 1993 rebus
447 1947 510 1993 non
541 1930 673 1992 acutum
697 1945 836 2000 cernere,
863 1944 977 2012 graves
1000 1923 1141 1990 hominis
1164 1944 1282 1990 errores
1304 1929 1337 1990 et
1360 1923 1515 1990 absurdae

326 2033 575 2114 παραδιορθώσεις
608 2031 834 2097 demonstrant.
882 2029 920 2095 In
950 2027 1120 2097 Oedicibus
1142 2031 1312 2097 Atticianis
1335 2029 1515 2116 complures

325 2138 491 2204 mendosas
514 2139 686 2224 scripturas
708 2136 806 2203 fuisse
828 2141 862 2202 et
884 2138 1014 2202 omnino
1036 2157 1099 2204 non
1121 2136 1265 2203 multum
1288 2138 1388 2204 bonae
1409 2137 1515 2226 tingis

326 2266 365 2310 ex
395 2247 437 2311 iis
466 2242 576 2332 colligi
604 2245 762 2330 potuisse,
795 2263 835 2308 ex
855 2241 1106 2328 Harpocratione
1128 2247 1162 2309 et
1183 2243 1276 2310 libris
1297 2245 1413 2310 nostris
1435 2246 1515 2309 eatis

326 2350 410 2436 apud
432 2371 486 2417 me
508 2355 631 2417 constat
654 2356 686 2416 et
707 2349 791 2416 inira
813 2351 1013 2438 argumentis
1036 2349 1186 2436 probabo.
1231 2349 1295 2416 Res
1317 2351 1387 2436 ipsa
1405 2369 1461 2435 per
1480 2371 1514 2415 se

323 2463 465 2543 spectata
495 2457 620 2523 nnllam
649 2457 747 2523 habet
775 2457 845 2522 veri
874 2457 1021 2540 speciem.
1069 2455 1165 2522 Certa
1194 2455 1342 2545 analogia
1371 2454 1515 2542 postulat

325 2563 530 2642 ἐκπολεμοῦν,
561 2563 657 2648 idque
687 2563 781 2628 certis
811 2563 1007 2648 optimorum
1029 2563 1222 2648 scriptorum
1245 2563 1439 2629 testimoniis
1461 2583 1515 2629 cx·

322 2669 480 2756 ploratam
509 2670 607 2736 habet
638 2667 751 2746 fidem,
775 2689 855 2753 quae
879 2666 1026 2755 pauculis
1048 2667 1205 2735 librorum
1228 2668 1354 2735 mendis
1377 2667 1515 2736 convelli

323 2795 387 2842 non
417 2780 532 2862 potest.
579 2772 792 2842 Grammatici
823 2777 926 2860 inepti
959 2773 1127 2841 credebant
1162 2780 1339 2858 πασροιῖχον
1371 2773 1516 2858 παρῖένον

324 2880 477 2968 appellari
502 2888 591 2966 patre
622 2882 736 2956 orbam,
768 2879 936 2960 δωροδοκεῖν
968 2901 1034 2947 esee
1066 2881 1143 2962 δῶρα
1176 2879 1308 2967 διδέναι,
1342 2887 1436 2964 ψοφῶ
1459 2882 1515 2957 τὴν

326 2988 416 3069 θύραν
445 2988 622 3053 rectissime
645 2984 709 3051 dici
731 2990 763 3051 et
785 2987 933 3053 Atticum
956 3005 1039 3060 esse.
1065 2993 1098 3053 et
1121 2993 1198 3074 quot
1220 2986 1285 3054 alia
1308 2992 1383 3054 srmt
1404 3007 1516 3054 eorum

325 3091 580 3175 παρακούσμαπα
604 3096 636 3160 ei
659 3091 828 3172 λνρῆμαπα
852 3111 892 3158 cx
914 3091 993 3158 locis
1014 3094 1140 3160 vitiosis
1164 3091 1329 3180 susceptat
1375 3091 1450 3160 Iure
1470 3093 1516 3160 di·

326 3203 410 3267 citur
436 3199 519 3264 ιιέἐίἐ
549 3221 609 3264 οισι
632 3205 691 3263 tom
715 3198 876 3263 οδεανῶιιιιι
898 3199 978 3284 quod
998 3219 1058 3262 ιιοιι
1080 3204 1121 3263 sit
1143 3201 1180 3264 ab
1203 3200 1305 3287 aliquo
1324 3205 1517 3282 ριοιιιιιιοέἰσο

323 3307 446 3372 dietum.
503 3303 602 3371 Lecta
634 3302 893 3390 Harpocrationis
927 3307 1129 3371 annotatione
1163 3308 1288 3372 exstitit
1323 3306 1425 3392 alius,
1460 3309 1517 3393 qui

325 3413 401 3500 quid
430 3414 513 3478 inter
543 3411 733 3489 ἐκπολεμοῦν
756 3413 788 3476 et
811 3411 995 3488 ἐκπολεμεῖν
1017 3412 1182 3478 interesset
1204 3414 1243 3478 ιέσ
1263 3435 1317 3477 esc
1339 3412 1387 3497 (id
1409 3417 1460 3478 eet
1480 3417 1518 3478 de

324 3519 434 3602 ιινῖῖέἐο)
457 3524 657 3585 commentus
677 3519 779 3584 estin
799 3518 959 3609 farragine
978 3519 1146 3584 Ammonii
1165 3519 1202 3582 de
1223 3519 1326 3607 ιέἱρῖιε.
1349 3519 1518 3585 ναοῖσι-κιαι

326 3626 618 3704 ἐκπολεμῶσαι
649 3625 701 3691 καὶ
734 3624 1018 3702 ἐκπολεμῆσαι
1049 3623 1201 3707 διαφέρει,
1226 3624 1517 3705 ἐκπολεμῶσαι

323 3731 380 3810 μὲν
410 3728 474 3810 γάρ
504 3731 550 3800 ἐςι
582 3731 618 3797 rt
647 3731 690 3805 εἰς
723 3730 858 3809 πόλεμον
890 3729 1061 3809 ἐμβαλεῖν,
1098 3731 1385 3808 ἐκπολεμῆσαι
1417 3730 1450 3796 δέ
1480 3731 1518 3796 πὸ

324 3835 413 3902 πόλιν
437 3832 562 3908 ἐξελεῖν.
609 3836 768 3922 Equidem
790 3837 1019 3924 grammaticos
1043 3837 1195 3903 facessere
1218 3837 1292 3903 hinc
1315 3839 1463 3904 iusserim
1484 3842 1520 3905 et

322 3941 531 4010 Demostheni
554 3942 604 4009 bis
627 3963 724 4009 sunm
750 3943 966 4023 ἐκπολεμῶσαι
990 3945 1196 4010 restituerim.

368 4149 449 4238 Peg.
481 4148 534 4215 12.
565 4148 598 4218 9.
627 4149 701 4239 lege
730 4172 806 4218 cum
833 4151 996 4220 chraeo:
1030 4151 1196 4234 παρόμοιόν
1219 4153 1282 4223 ἐςιν
1303 4153 1439 4236 Ὦῦπερ
1462 4155 1517 4221 καὶ

323 4257 390 4339 περὶ
413 4265 467 4333 πνῑι
492 4263 551 4322 σῶν
574 4257 745 4338 χρημάτων
768 4260 921 4336 κτήσεως,
945 4279 1003 4345 pro
1026 4259 1141 4342 Ὀπερ.

361 4465 444 4552 Peg.
476 4464 528 4532 16.
560 4464 593 4532 8.
618 4467 644 4531 ei
668 4465 823 4544 Φίλιππος
848 4466 942 4546 λῶβαι
967 4467 1038 4534 καθ’
1063 4471 1148 4548 ἡμῶν
1175 4475 1308 4538 τοιοῦτον
1332 4471 1434 4553 καιρὸν
1459 4471 1513 4536 καῖ
