3304 5090
762 376 765 382 ν
863 335 930 407 288

301 536 357 598 aut
380 533 476 598 verba
499 534 775 616 interpretaretur,
795 511 906 604 'uidear
933 529 986 594 ssd
1010 534 1048 594 ut
1071 531 1168 594 etiam
1192 529 1267 592 hinc
1289 525 1491 614 dialogorum

186 667 189 674 ⁴
301 642 442 705 suavitas
467 645 631 722 tamqnam
656 637 721 704 sals
744 635 870 702 condita
894 636 973 700 foret
1026 635 1146 699 Melius
1167 636 1270 721 igitur
1287 635 1397 698 omnia
1416 633 1495 698 baec

302 745 560 828 pbilosophorum
592 743 731 808 ludibria
759 750 791 808 et
813 745 898 807 iores
922 741 1134 828 Porphyrius,
1160 743 1215 826 qui
1240 738 1325 804 solus
1346 743 1494 805 omnium

299 855 339 916 iis
369 852 487 924 utitur,
514 852 689 924 omisisset,
714 852 789 934 quia
813 848 851 912 ad
876 853 985 933 poetae
1008 849 1300 932 interpretationem
1324 845 1407 907 seir
1428 867 1493 908 cos-

290 957 406 1042 seruui
439 975 540 1038 neque
576 953 653 1020 adeo
688 957 768 1020 serio
803 962 878 1018 sunt
913 953 1008 1017 dicta.
1055 952 1163 1018 Etiam
1198 951 1494 1016 Grammaticorum

299 1065 590 1146 interpretationes.
622 1059 731 1145 quales
763 1059 884 1125 multae
916 1057 1127 1144 protulimus,
1159 1060 1236 1123 satis
1271 1061 1402 1141 apparet
1431 1075 1495 1121 nou

301 1187 368 1233 ease
390 1171 466 1230 aerio
489 1167 639 1251 scriptas,
665 1166 718 1230 aad
743 1172 800 1230 aut
822 1166 945 1252 ingenii
969 1164 1146 1230 ostentandi
1169 1165 1275 1251 gratia
1297 1163 1495 1250 excogitatas

302 1279 358 1339 sut
381 1272 421 1337 ad
445 1273 585 1356 impetus
610 1271 861 1337 adversariomm
879 1275 971 1335 acute
991 1274 1023 1334 ot
1040 1268 1171 1334 solerter
1189 1267 1371 1334 eludendos.
1403 1266 1495 1334 Haec

301 1381 403 1466 igitur
433 1379 541 1443 omnia
571 1379 630 1455 iia,
661 1378 718 1462 qui
749 1375 882 1441 Poitam
905 1395 980 1442 rere
1003 1381 1036 1441 et
1057 1375 1181 1441 utiliter
1201 1375 1403 1460 interpretari
1427 1378 1495 1439 stu·

303 1485 395 1568 daut,
419 1481 597 1568 seponenda
621 1487 696 1547 sunt
718 1487 750 1546 et
771 1481 1014 1547 contemnenda:

484 1585 595 1666 ψεῦδός
620 1612 671 1652 κεν
696 1589 894 1668 reciperari
920 1585 1135 1667 νοσφιζοίμεθα
1160 1591 1294 1664 μᾶλλον.

272 1757 273 1760 ,
347 1695 432 1760 Ante
464 1696 571 1758 omnia
593 1713 668 1760 vero
691 1693 885 1759 abiiciendae
908 1700 982 1758 sunt
1004 1693 1248 1782 etymologias,
1274 1693 1389 1779 quibus
1411 1691 1498 1758 nihil

304 1806 352 1867 est
381 1800 594 1879 repeterem
626 1819 699 1864 nem
733 1807 952 1884 praeterquam
982 1800 1065 1885 qnod
1096 1799 1193 1865 falsas
1223 1806 1297 1864 sunt
1323 1819 1434 1865 omnes
1457 1819 1496 1864 ac

303 1907 386 1973 nulli
416 1909 462 1971 rei
492 1905 607 1979 utiles,
639 1927 679 1970 ne
708 1911 803 1969 serim
825 1905 954 1990 quidem
978 1912 1053 1970 suut
1075 1905 1129 1970 sed
1152 1907 1274 1992 ingenii
1295 1904 1495 1970 lascivientis

302 2012 459 2096 ludusque
490 2013 649 2096 inuusque.
703 2011 767 2074 Ursa
801 2017 928 2076 tantum
962 2016 1010 2076 est
1039 2015 1072 2076 in
1097 2009 1233 2076 Scholiia
1256 2010 1294 2076 ad
1319 2011 1496 2096 odysseam

304 2118 502 2206 etymologia
534 2135 627 2183 vera:
660 2117 779 2190 θεουδής
804 2138 870 2182 eeae
894 2118 1023 2192 desiria,
1048 2117 1144 2202 idque
1165 2117 1262 2182 homo
1289 2137 1363 2183 casu
1387 2120 1497 2204 magis

304 2245 399 2309 quarn
423 2226 544 2288 ratione
565 2225 691 2308 reperit.
727 2223 880 2308 Reliquae
901 2234 976 2288 suut
994 2245 1082 2288 mere
1102 2223 1253 2300 παίγνια.
1273 2229 1305 2289 et
1324 2243 1494 2310 aeg-rorum

304 2331 428 2394 somnia
459 2335 491 2393 et
521 2328 749 2411 deliramenta,
780 2328 883 2394 veluti
918 2331 1012 2407 Φερνή
1048 2324 1092 2393 ὅτι
1125 2327 1241 2406 Φέρει
1273 2330 1328 2400 εἷς
1361 2328 1494 2406 εὐνήν,

305 2433 486 2518 similiaque
518 2440 673 2500 sexcenta.
721 2433 843 2519 Lepide
874 2431 983 2500 Cicero
1007 2435 1151 2500 deridens
1175 2433 1352 2500 Stoicorum
1378 2437 1412 2498 in
1435 2435 1496 2500 boc

304 2561 419 2628 genero
451 2542 586 2626 ineptias
619 2542 656 2604 de
686 2539 761 2605 Nar.
793 2539 884 2605 Deor.
908 2539 963 2604 ΙΙΙ.
989 2542 1008 2625 ξ
1032 2539 1083 2606 62.
1110 2546 1245 2626 quonium
1269 2539 1451 2605 Naeruuuu
1475 2565 1495 2604 a

304 2663 411 2712 naevo
443 2648 623 2731 appellatum
646 2653 740 2730 partas
770 2647 886 2709 nullum
917 2647 975 2711 crit
1004 2669 1106 2711 nomen
1137 2648 1216 2732 quod
1238 2669 1297 2710 non
1314 2647 1412 2730 porris
1433 2669 1495 2710 rna

305 2753 406 2817 littera
438 2753 587 2834 replicare
616 2753 694 2816 unde
727 2754 846 2816 ductam
868 2752 919 2816 air.
969 2753 1009 2817 Ic
1033 2775 1089 2837 quo
1112 2753 1228 2837 quidem
1251 2753 1344 2834 maffia
1366 2759 1399 2816 tu
1421 2753 1496 2816 miei

305 2865 411 2921 notare
438 2857 519 2921 veru
551 2880 581 2920 cs
611 2881 698 2942 quam
730 2858 792 2940 ipae
814 2857 982 2945 Neptuno.
1029 2857 1208 2923 Salsisaime
1232 2868 1341 2923 autam
1364 2879 1402 2924 ea
1422 2861 1496 2924 imi-

305 2963 401 3029 tando
429 2962 566 3040 deridet,
593 2970 630 3028 ut
653 2965 690 3026 dc
717 2964 799 3046 Offic.
823 2962 849 3028 l.
874 2965 892 3047 ᾖ
915 2962 968 3028 23.
995 2966 1155 3028 audeamus
1178 2963 1295 3026 imitari
1319 2965 1429 3028 Stoi'oor
1451 3001 1494 3013 -

305 3071 508 3153 credamusque
536 3070 608 3154 quia
631 3088 683 3134 ule
709 3071 788 3153 quod
811 3085 932 3134 meruel
955 3076 998 3134 eal
1021 3071 1199 3154 appellatam
1224 3087 1333 3134 albeli.
1380 3071 1497 3155 Aperte

305 3178 427 3241 iocatur
457 3195 558 3260 neque
588 3175 640 3239 his
671 3175 844 3260 quidquam
876 3175 991 3259 credit,
1026 3177 1216 3259 omninoque
1248 3173 1327 3240 tales
1359 3178 1497 3261 ineptias

305 3283 339 3346 in
362 3283 447 3346 vitae
469 3281 540 3345 lure
564 3285 596 3345 et
619 3280 801 3345 celebritate
826 3280 864 3345 ab
889 3281 1073 3346 hominibus
1097 3280 1298 3368 elegantibus
1321 3287 1353 3346 st
1373 3281 1496 3346 festivis

304 3386 409 3452 multo
440 3385 566 3451 facilius
596 3385 831 3472 redarguuntur
860 3407 954 3470 quam
989 3390 1022 3451 in
1054 3385 1179 3452 scholae
1211 3390 1276 3453 otio
1308 3393 1340 3452 et
1368 3387 1494 3452 umbra.

305 3493 398 3559 Nunc
431 3511 514 3557 nova
544 3490 824 3578 Etymologiamm
858 3513 908 3558 ars
937 3491 1035 3569 calet,
1070 3493 1142 3576 sed,
1167 3513 1207 3558 ne
1231 3491 1335 3558 dicam
1359 3492 1449 3566 dolo.
1476 3493 1494 3567 si

306 3604 357 3662 νῦν
388 3599 484 3676 τέχνη
517 3605 574 3670 τῆς
603 3597 743 3674 πρότερον
775 3598 925 3676 ἀτεχνίας
956 3601 987 3663 οὐ
1013 3597 1095 3662 reru
1119 3621 1148 3662 rr
1173 3598 1361 3678 πιθανώτερα
1385 3598 1494 3664 τίκτει.

304 3702 426 3771 Melius
455 3701 640 3770 Ciceronem
670 3703 873 3770 imitabimur
904 3705 959 3788 qui
995 3703 1237 3792 Etymologiam
1272 3725 1290 3770 a
1324 3727 1357 3772 se
1388 3703 1495 3770 fictam

305 3831 452 3895 promens
484 3809 606 3875 addidit
631 3809 809 3874 subridens:
834 3809 940 3874 lesisse
957 3816 1096 3892 putemur
1118 3809 1146 3874 ri
1169 3811 1251 3874 nire
1270 3816 1310 3874 rit
1335 3811 1376 3900 ¹),
1399 3810 1496 3896 idque

306 3917 454 3982 omnibus
487 3915 711 3982 huiuscemodi
744 3915 930 3982 veriverbiia
965 3916 1181 3982 accinendum.
1238 3916 1379 3984 Putasne
1414 3917 1497 3982 serio

343 4215 367 4278 l)
385 4214 438 4264 Cre.
459 4215 526 4264 ibeo.
547 4215 653 4279 Quaem.
672 4217 724 4266 llI.
742 4221 803 4277 518.
821 4229 993 4276 inuasurus,
1010 4221 1037 4265 st
1053 4219 1151 4280 operor,
1168 4235 1185 4268 a
1202 4231 1299 4276 rauna,
1317 4235 1363 4284 qm
1377 4219 1440 4266 nr'tit
1451 4235 1498 4266 nr·

305 4299 352 4346 tius
374 4314 387 4346 e
409 4300 488 4345 terra:
511 4309 634 4357 requiem
658 4299 688 4346 ab
705 4313 732 4344 eo
750 4295 809 4363 (eui
826 4298 871 4346 erar
887 4299 931 4347 boc
944 4299 1054 4362 sortasse
1070 4300 1168 4356 darian-
1187 4300 1233 4348 red
1247 4304 1376 4356 tentonem
1395 4312 1498 4350 euersae

305 4391 440 4436 rurarrua,
464 4391 487 4426 ar
514 4391 588 4426 rrrrrru
613 4376 674 4444 arr.)
698 4379 727 4428 al
750 4394 790 4437 eo,
814 4380 878 4443 quod
899 4391 1073 4442 arqumornrr
1090 4386 1129 4430 err
1142 4381 1168 4430 ia
1186 4381 1231 4430 tali
1246 4383 1344 4433 ioniae.
1361 4381 1444 4450 »lingo
1460 4383 1499 4434 lu·

305 4462 362 4516 aiano
377 4473 443 4510 nuno
460 4459 565 4510 lenaeum
582 4459 661 4510 virum
678 4459 822 4526 putabimus,

1644 2841 1645 2900 l

1644 3311 1645 3338 l

1614 3693 1624 3708 ὀ

1644 4141 1645 4162 l

1644 4169 1645 4184 r

1644 4583 1645 4598 r
