3356 5084
903 351 968 421 516

389 541 466 627 Peg.
495 537 572 606 577.
601 539 653 604 11.
681 538 700 623 ή
722 543 772 605 καί
799 549 911 620 γελοία
934 538 1010 607 είναι
1035 543 1076 607 τὰ
1101 545 1150 606 νὺν
1176 537 1291 626 [οἶμαι]
1317 539 1435 619 δοίκρνα
1456 533 1531 604 είκί·

344 669 403 717 τως
435 643 473 710 ev
504 649 599 711 αὐτοῦ
624 648 732 722 δοκοίη.
779 649 850 714 Non
874 654 991 734 exputo
1011 649 1093 714 unde
1117 649 1246 714 tendem
1268 647 1355 713 istud
1379 641 1467 725 οἶμαι
1490 648 1532 710 ir·

343 754 493 837 repserit,
527 752 581 817 sed
611 756 733 838 respuit
756 752 928 819 molestum
951 754 1084 820 'verbum
1110 759 1142 820 et
1164 752 1226 818 loci
1250 755 1424 830 sententis,
1451 771 1532 836 quae

344 856 468 922 nullam
492 858 639 936 εἰρωνείαν
667 860 830 938 admittit,
856 865 888 926 et
911 861 1169 947 perincommoda
1192 861 1299 944 sedes,
1323 863 1398 945 quis
1422 861 1533 925 arctis-

345 965 424 1028 sime
447 967 614 1030 coniuncta
634 967 676 1029 τοδ
696 971 745 1030 νῦν
765 966 882 1048 δοίκρνα
900 969 1138 1052 perversissime
1158 967 1323 1054 disiungit.
1359 965 1535 1030 Omittitnr

345 1063 430 1145 οἶμαι
461 1073 496 1135 in
528 1072 617 1136 libris
649 1073 793 1157 pauculis
817 1073 855 1139 de
875 1073 1002 1140 lectoris
1026 1074 1178 1150 alicuius,
1203 1080 1241 1138 ut
1264 1075 1387 1158 opinor,
1412 1074 1534 1138 coniec

344 1177 433 1254 ture,
456 1196 551 1260 quem
572 1177 701 1263 perinde
724 1185 762 1244 ut
784 1200 837 1244 me
859 1200 944 1245 nunc
966 1180 1151 1246 offendebat.
1198 1178 1278 1245 Vide
1301 1179 1384 1244 mihi
1408 1197 1534 1263 quoque

345 1301 441 1364 quem
471 1283 653 1367 importuno
684 1283 753 1349 loce
785 1287 880 1350 αὐτοῦ
912 1288 954 1350 sit
984 1288 1227 1371 interpositum:
1257 1285 1300 1350 τίς
1331 1289 1382 1350 νῦν
1413 1281 1533 1363 δοίκρνα

345 1385 467 1459 είκίτως
492 1387 531 1452 δν
554 1390 649 1453 αὑτοῦ
674 1390 782 1466 δοκοίη.
830 1391 913 1472 Quid
937 1394 964 1457 si
988 1390 1065 1458 olim
1089 1392 1203 1458 fuerit:
1228 1391 1270 1458 roi
1294 1391 1390 1456 αὑτοῦ
1414 1389 1533 1470 δοίκρνα

345 1490 467 1565 εἰκότως
492 1493 530 1559 ὑν
554 1493 660 1569 δοκοίη.

389 1700 469 1790 Peg.
494 1701 570 1770 577.
598 1701 651 1770 17.
678 1703 736 1775 tce
760 1708 810 1770 καί
836 1705 907 1787 πρὸς
932 1703 980 1780 οὑς
1005 1706 1099 1784 μηδὲν
1124 1707 1171 1776 ε’ςί
1194 1730 1239 1772 τοι
1264 1710 1400 1788 πρᾶγμα
1426 1715 1534 1772 λυπεῖ-

346 1809 416 1874 σθαι
438 1811 492 1885 τήν
516 1813 570 1886 τήν
595 1810 772 1891 ίρατὺτητα
795 1813 848 1879 καί
873 1815 974 1896 φωνήν
999 1813 1051 1879 καί
1077 1816 1111 1880 τὸ
1137 1815 1217 1898 [τὸν]
1241 1820 1356 1893 οχήμα
1380 1813 1433 1877 καί
1463 1813 1533 1886 τοὺς

344 1915 442 2003 [τοὺς]
477 1917 655 1990 οίκολοὺίονς
679 1918 730 1983 καί
756 1926 888 1985 πλοῦτον
912 1921 963 1984 καί
990 1917 1075 2000 ὕβριν
1097 1921 1291 2000 θεωροῦντας.
1339 1919 1534 1985 Rectissime

347 2019 452 2088 Oodex
484 2022 506 2088 8
538 2023 588 2089 τίν
620 2027 761 2110 omittit3
794 2025 945 2091 similiter
975 2046 1019 2109 sq.
1053 2027 1122 2099 οοιίς
1152 2026 1357 2092 eximendum
1388 2031 1448 2090 est.
1498 2025 1536 2090 In

346 2128 466 2194 talibus
488 2132 577 2195 οονοοί
598 2150 769 2216 pronomen
791 2134 1004 2217 possessivum
1029 2151 1143 2217 ponere
1166 2134 1321 2198 usitatum
1346 2137 1404 2196 est.

391 2339 471 2426 Peg.
505 2336 579 2405 578.
613 2339 645 2406 8.
677 2337 854 2406 reirandei
880 2346 1046 2420 πανταχοῦ
1072 2341 1145 2414 ίεοῖς
1168 2340 1274 2421 ἐχθρὸν
1298 2341 1349 2405 καὶ
1373 2339 1534 2420 βδελυρόν.

345 2445 390 2510 Ut
421 2445 534 2511 Latine
563 2468 673 2530 semper
704 2454 732 2511 ei
760 2447 885 2532 ubique,
909 2447 955 2511 sic
978 2443 1098 2512 Graece
1120 2447 1169 2512 οίεί
1194 2447 1246 2511 καί
1271 2452 1440 2528 πανταχοῦ
1464 2467 1536 2512 mos

344 2558 392 2618 est
415 2552 529 2617 dicere.

391 2761 469 2849 Peg.
504 2757 589 2854 578.Ι
605 2759 658 2826 20.
684 2761 736 2826 τὸν
760 2759 807 2827 οὑν
832 2760 882 2826 ἕπί
906 2761 1023 2836 ταύτης
1048 2769 1103 2836 τής
1128 2760 1339 2844 ὑπερηφανίας
1365 2761 1457 2836 evea,
1483 2766 1534 2826 νῦν

346 2867 385 2932 eir
416 2867 570 2948 οίποΦιίγη
601 2868 634 2934 τί
663 2867 796 2942 ποιήσειν
820 2867 932 2944 οίετίες
957 2867 1045 2934 Male
1067 2869 1144 2934 haec
1168 2868 1270 2933 divise
1293 2873 1378 2933 sunt.
1427 2868 1532 2956 Lege:

346 3013 386 3024 -
405 2972 479 3038 ὄντα
510 2978 578 3049 νῦν,
611 2971 648 3038 ἂν
679 2974 833 3056 οίποφιίχη
864 2975 896 3039 τί
930 2959 1062 3048 ποιήσειν
1098 2972 1210 3051 οίεσίες
1247 2972 1412 3039 Sententia
1446 2975 1533 3038 enim

343 3080 513 3146 manifesto
543 3079 620 3144 haec
652 3085 716 3145 est:
748 3080 799 3144 τὸν
832 3085 881 3146 νῦν
909 3077 1001 3152 οὑτως
1025 3081 1215 3159 ὑπερήφανον
1240 3077 1330 3164 ὄντα,
1354 3079 1387 3144 τί
1410 3079 1533 3158 ὑποφω-

344 3184 442 3266 χίντα
466 3186 599 3260 ποιήσειν
623 3184 737 3263 siccin

388 3397 468 3484 Peg.
503 3393 578 3461 579.
611 3393 665 3460 28.
698 3395 753 3472 ἐμὲ
781 3395 875 3462 οίετίε
907 3399 979 3474 ὑμῖν
1006 3398 1157 3474 εἰσοίσειν,
1186 3397 1273 3474 ὑμεῖς
1297 3395 1328 3462 δὲ
1352 3398 1529 3474 νεμεῖσθαις

344 3503 399 3582 ἐμὲ
424 3501 547 3588 [οίεοίε]
572 3503 823 3588 τριηραρχήσειν,
849 3505 937 3582 ὑμεῖς
960 3504 986 3568 δ’
1010 3505 1064 3568 οὑκ
1082 3504 1290 3582 ε’ροβήιιετίαι;
1314 3503 1434 3570 Resecn
1454 3502 1530 3568 alte·

343 3631 415 3676 rum
438 3609 533 3674 οίεοίε
556 3606 640 3674 mele
662 3611 845 3693 repetitum.
893 3607 941 3676 Of.
964 3630 1038 3698 pag.
1064 3607 1139 3674 580.
1165 3607 1196 3674 9.

387 3819 467 3905 Peg.
503 3817 579 3884 580.
613 3823 643 3884 1.
668 3821 781 3886 τοιαῦθ’
804 3816 930 3900 ὑβρίζων
954 3821 1006 3885 καί
1031 3819 1086 3894 τήν
1108 3819 1170 3884 ὑπὸ
1194 3827 1249 3895 τῆς
1273 3825 1383 3900 ψυχῆς
1407 3823 1529 3900 πικρίαν

342 3926 395 3991 καί
421 3924 594 4002 κακοίνοιαν,
620 3917 653 3999 ήν
676 3927 761 3992 κατὰ
782 3932 840 3992 τῶν
864 3931 985 3991 πολλῶν
1006 3926 1089 4004 ὑμῶν
1107 3924 1188 4006 ἔχων
1207 3927 1318 4006 ὑφανή
1337 3929 1410 4007 παρ’
1430 3928 1528 4008 ἑαυτῷ

341 4031 555 4113 περιέρχεται,
587 4033 726 4115 φανερὰν
757 4032 807 4097 ἐπί
841 4036 893 4097 τοῦ
917 4036 1019 4112 καιροῦ
1044 4030 1184 4104 καίιςοίς.
1232 4029 1319 4097 Male
1341 4031 1420 4098 haec
1445 4054 1528 4100 com·

338 4141 442 4226 posita
472 4159 538 4205 esse
569 4139 669 4205 vides.
719 4140 874 4224 Suspensa
901 4142 975 4204 sunt
998 4139 1167 4223 participia
1190 4135 1317 4218 ὑβρίζων
1341 4141 1372 4203 et
1396 4139 1526 4216 καίιςοίς

339 4267 396 4310 nec
426 4265 488 4330 quo
519 4245 694 4311 reserentur
723 4245 841 4311 hebent
909 4245 1019 4330 Neque
1054 4249 1126 4330 epte
1162 4245 1295 4334 verbnm
1329 4245 1527 4327 περιέρχεται

339 4353 544 4438 coniungitur
564 4373 639 4417 cum
663 4352 785 4432 πικρίαν
807 4351 860 4417 καί
885 4350 1043 4417 κακόνοιαν
1067 4350 1157 4432 ἔχων.
1192 4351 1241 4417 Ex
1261 4353 1329 4437 ipsa
1347 4354 1395 4418 rei
1413 4361 1526 4424 neture

337 4455 531 4537 περιέρχεται
563 4477 637 4524 cum
671 4456 797 4539 ὑβρίζων
825 4460 1029 4525 coniunctum
1060 4459 1156 4524 fuisse
1187 4457 1393 4547 intelligitur.
1448 4463 1525 4544 Qua·
