3296 5104
867 387 915 434 xn

285 611 348 656 non
378 587 602 676 intelligebant
632 593 666 654 et
696 609 777 674 quae
801 588 880 656 clim
903 591 937 654 in
961 588 1205 654 desuetudinem
1229 589 1391 653 abierant:
1417 588 1488 651 άτι-

287 718 389 790 μῶσοιι
421 711 498 797 quid
518 713 571 777 'sit
603 714 767 790 nesciunt,
801 712 878 778 dant
908 710 1083 790 άσιμάοοιι;
1118 709 1256 793 δεκάζειν
1283 730 1347 776 non
1369 714 1490 775 norunt

290 834 470 922 (δωροδοκεῖν
503 833 574 898 τινά
605 836 667 920 ipsi
699 834 877 919 dicebant),
907 837 1063 920 reponunt
1086 832 1228 915 δικάζειν.
1275 831 1347 900 Non
1369 829 1490 896 intelli-

287 963 369 1044 gunt
411 956 488 1042 quid
529 959 572 1021 sit
614 954 786 1034 εἵληγμιιι,
824 955 976 1037 ἕλάχάην,
1017 952 1125 1032 λῆξις,
1162 954 1237 1020 'vide
1272 955 1375 1040 igitur
1408 952 1489 1038 quid

286 1075 537 1164 designaverint:
561 1097 635 1164 pag.
660 1073 738 1142 873.
761 1075 815 1141 24.
838 1077 891 1152 ἤδη
912 1076 1010 1159 σοόσῳ
1029 1077 1163 1152 σοινσησὶ
1190 1084 1243 1151 τῆς
1264 1075 1349 1148 δίκης
1370 1053 1487 1152 ritea-

286 1198 391 1276 μὲνης.
422 1204 455 1264 61
481 1219 554 1285 pag.
581 1195 657 1263 990.
684 1197 736 1263 11.
761 1203 819 1262 σῶν
843 1199 931 1263 δικῶν
956 1205 1013 1264 τῶν
1035 1197 1108 1265 τότε
1132 1200 1324 1280 λεχθεισῶν.
1353 1201 1386 1262 61
1407 1217 1484 1285 pag.

288 1318 385 1386 1265.
418 1318 473 1384 22.
505 1319 560 1398 πρὸ
584 1323 638 1384 τοῦ
661 1321 717 1395 σὺν
739 1318 824 1394 δίκην
848 1321 1034 1399 ΔΕΙχόῆνοοι
1059 1321 1118 1409 (sic
1139 1318 1173 1386 8.
1200 1319 1257 1386 alii
1282 1317 1481 1406 Λθχόῆνοοι).

286 1441 476 1508 Rectissime
509 1439 642 1507 Wolfius
671 1441 875 1520 εἰληγμένης,
913 1444 1100 1522 ληχθεισῶν,
1139 1444 1292 1522 ληχάῆνοοι
1327 1442 1482 1507 restituit.

289 1561 398 1629 lltiam
427 1560 516 1638 λῆξις
547 1565 581 1628 in
611 1560 694 1640 λόξις
727 1569 873 1629 mutatur
903 1585 977 1652 pag.
1013 1560 1089 1631 727.
1119 1564 1150 1629 6.
1177 1565 1211 1628 ἐκ
1233 1573 1290 1639 σῆς
1312 1560 1425 1639 λέξεως
1448 1561 1483 1628 8.

290 1685 345 1750 aed
373 1687 478 1771 prima
499 1705 614 1750 manus
637 1689 671 1750 in
695 1689 842 1776 margine
868 1684 983 1762 λήξεως
1007 1687 1186 1772 adscripsit.
1233 1685 1485 1772 Harpocration,

290 1806 347 1872 flos
377 1812 410 1873 et
440 1807 536 1872 robur
566 1809 870 1894 grammaticorum,
904 1810 937 1874 in
969 1830 999 1874 v.
1033 1807 1242 1890 Ληξιοιρχικὸν
1266 1815 1486 1888 γρομμοισεῖσν

289 1934 397 1994 narrat
426 1950 493 1994 esse
517 1928 713 2016 appellatum
737 1929 787 1994 διά
810 1929 846 1993 τὸ
870 1937 928 1996 τῶν
949 1930 1063 2008 λήξεων
1088 1928 1207 2010 άρχειν.
1232 1928 1334 2006 λήξεις
1360 1929 1385 1994 δ’
1410 1929 1487 1994 εἰσὶν

290 2048 316 2115 οἱ
347 2059 459 2131 κλῆροι.
507 2049 571 2115 Ubi
602 2051 687 2117 docti
718 2058 786 2118 tam
818 2053 938 2120 indocti
972 2057 1047 2119 sunt
1082 2053 1263 2118 desinamus
1296 2072 1364 2118 aero
1394 2055 1487 2117 natos

293 2171 535 2238 correctorculcs
559 2176 731 2260 exagitare.

335 2292 401 2360 Sed
423 2315 486 2362 non
509 2300 636 2360 tantum
662 2299 694 2360 in
720 2299 894 2381 antiquatis
918 2301 950 2362 ct
970 2296 1119 2363 obsoletis
1139 2297 1302 2363 vocabulis
1318 2295 1397 2361 talia
1414 2315 1487 2381 pec·

292 2417 412 2481 cabant.
465 2415 543 2496 Quis
574 2437 684 2482 eorum
717 2420 835 2484 nescire
865 2423 989 2504 poterat
1019 2417 1096 2503 quid
1119 2420 1202 2482 inter
1226 2417 1336 2495 όμάσοιι
1360 2423 1392 2483 61
1414 2417 1487 2494 ὃμο-

291 2543 425 2614 aspices
462 2535 648 2602 interesset?
703 2539 805 2606 Nemo
839 2539 954 2606 hercle.
1013 2539 1222 2625 Inspiciamus
1255 2539 1371 2605 libros:
1407 2559 1484 2626 pag.

290 2655 366 2722 236.
393 2656 424 2723 8.
450 2659 552 2735 ἐπειδὴ
576 2661 639 2740 γάρ
662 2661 792 2738 ὤμοσε
816 2663 871 2735 τὴν
899 2661 1026 2738 εἰρήνην,
1054 2659 1212 2726 16111118
1236 2664 1268 2727 61
1291 2659 1485 2746 quibusdam

290 2778 363 2845 aliis
382 2779 564 2858 ὡμολόγησε
586 2781 752 2858 scribitur,
774 2782 859 2867 quod
875 2780 1057 2848 Dindorfiua
1077 2784 1289 2870 incogitanter
1308 2784 1342 2847 in
1359 2787 1486 2848 textum

289 2904 417 2988 recepit.
466 2901 556 2966 Idem
580 2923 664 2967 error
688 2909 720 2968 et
744 2903 823 2968 alibi
847 2905 1035 2968 commissus
1056 2909 1103 2968 est
1125 2903 1178 2989 (cf.
1199 2903 1276 2968 Nou.
1296 2903 1390 2968 Lecti.
1411 2923 1488 2990 pag.

291 3021 369 3108 516)
403 3028 435 3087 61
467 3045 540 3110 pag.
579 3021 676 3088 1170.
713 3024 764 3089 14.
797 3025 867 3098 τοὺς
892 3024 974 3096 θεοὺς
998 3021 1047 3096 οὓς
1072 3022 1253 3102 ὠμόσαμεν,
1279 3023 1301 3090 S
1323 3023 1486 3102 άμολογό·

289 3168 398 3221 σοιμεν.
424 3150 456 3210 61
478 3159 548 3230 post
572 3166 672 3230 pauca
695 3167 767 3234 pag.
797 3145 894 3212 1170.
920 3145 975 3212 24.
1001 3147 1065 3210 ἐπεὶ
1091 3147 1117 3211 δ’
1138 3144 1302 3224 άμόσοιμεν
1322 3146 1483 3219 άλλήλοις.

289 3264 312 3330 8
339 3267 457 3331 iterum
481 3267 740 3344 ὡμολογήσαμεν.
765 3270 820 3333 ubi
843 3266 983 3333 Dindorf
1004 3265 1199 3345 ,όμόσοινσες
1219 3268 1252 3331 ic
1271 3267 1485 3352 όμολογιὶσοον-

288 3411 341 3459 σες
361 3393 529 3470 corruptum
542 3411 613 3471 pay.
639 3387 735 3454 1032.
759 3388 811 3454 18.
830 3389 940 3467 ὀμόσειν
961 3389 995 3452 ic
1014 3390 1284 3472 άμολονῆσοιιρομ.
1300 3387 1398 3454 1269.
1412 3387 1487 3454 26.”

290 3506 448 3573 Similiter
475 3529 548 3596 pag.
584 3506 660 3576 378.
696 3509 747 3576 19.
778 3512 839 3589 ἐγὼ
870 3513 926 3588 μὲν
952 3511 986 3585 δὴ
1010 3509 1213 3590 ἐξωμοσάμην
1239 3509 1291 3574 xci
1312 3547 1354 3559 -
1372 3513 1425 3575 οὐκ
1446 3509 1484 3575 άν

290 3628 549 3712 importuositate,
575 3629 597 3695 S
621 3632 770 3698 mendoso
794 3629 1349 3709 61611666111ιέξωμολονησάμην.
1397 3631 1486 3698 Non·

287 3771 465 3836 numquam
497 3757 653 3818 contrario
686 3775 788 3820 errore
821 3760 969 3841 peccatur
999 3760 1036 3819 ut
1069 3774 1143 3842 pag.
1169 3751 1245 3818 460.
1270 3754 1405 3822 2111111
1428 3775 1485 3839 pro

288 3875 530 3953 ὡμολογημένων
554 3878 583 3940 A
609 3878 720 3942 vitiose
745 3875 1133 3956 611111161όμωμοσμένων.

333 3993 494 4062 Nonnulla
523 3998 562 4063 de
594 4019 709 4086 genere
740 3998 799 4065 hoc
827 4003 901 4063 eunt
925 4017 1022 4084 paene
1047 3997 1191 4063 ridicula.
1242 3997 1306 4063 Ubi
1330 3999 1485 4062 sententia

287 4117 429 4204 postulat
450 4120 588 4204 facilior
618 4119 693 4185 libri
725 4121 823 4204 ράδιον
856 4119 1006 4185 exhibent
1039 4122 1249 4206 ineptissime.
1297 4118 1355 4184 Eat
1378 4123 1486 4184 tamen

288 4240 347 4305 hoc
379 4262 479 4328 genus
502 4241 609 4307 mendi
635 4241 848 4328 perfrequens.
896 4242 989 4327 Apud
1014 4241 1146 4329 Lysiam
1171 4261 1244 4328 pag.
1274 4239 1349 4306 128.
1374 4239 1429 4306 24.
1453 4243 1486 4304 in

288 4361 380 4427 libris
410 4367 474 4428 est:
507 4364 587 4429 πολὺ
617 4365 752 4446 ῥᾴδιον
787 4365 923 4442 ἦγοῦμκι
953 4360 1028 4429 εἶνοιι
1050 4401 1091 4412 -
1109 4363 1265 4428 άνσειπεΐν
1286 4358 1329 4428 Ἥ
1350 4399 1391 4412 -
1410 4363 1486 4428 άπι-

289 4484 496 4561 λογιὶοιισάοιι.
545 4483 687 4552 'landem
714 4485 958 4569 1161111111ρᾷ6
987 4487 1140 4570 reposuit.
1190 4483 1253 4550 sed
1276 4503 1370 4550 nemo
1393 4505 1486 4570 opem
