3348 5086
890 352 956 424 422

328 545 392 614 tric
413 545 568 615 vocabula
590 549 625 614 in
647 547 698 614 his
721 547 790 614 loco
813 567 871 614 suo
893 551 982 614 moto
1004 567 1072 614 esse
1093 549 1254 616 ridentur.
1295 545 1428 636 Optime
1449 563 1521 634 pro·

328 652 441 719 cedent
463 655 571 720 omnis
594 656 622 719 si
644 657 859 740 rescripseris:

602 767 661 824 τῶν
684 761 741 839 μέν
764 763 922 842 μννςνίρων
946 761 1090 828 σκέδασιν
1115 763 1180 828 κτέ.

377 865 441 932 Sed
464 865 630 933 meliorem
653 869 749 933 etiam
773 869 871 933 huius
892 867 956 933 loci
980 868 1236 935 emendationem
1259 869 1343 934 mihi
1360 869 1525 956 suggessit

330 973 420 1040 locus
442 975 477 1037 in
501 971 560 1039 Od.
585 999 612 1039 ν.
637 972 714 1040 225.
762 971 852 1040 Solet
875 976 963 1040 enim
986 977 1020 1040 in
1042 977 1237 1041 carminibus
1258 974 1443 1042 Homericis
1466 979 1526 1038 eut

331 1080 419 1146 idem
450 1079 548 1152 οῖοιδιίς
580 1100 638 1146 sus
668 1085 826 1166 repetere,
851 1078 1014 1146 rutulius
1036 1079 1139 1146 eliens
1161 1083 1301 1167 imitari,
1325 1103 1364 1146 ex
1385 1101 1524 1166 quorum

331 1185 476 1253 locorum
495 1183 731 1272 comparatione
749 1206 825 1254 vers
835 1186 931 1252 lectio
942 1190 1063 1273 optime
1075 1189 1289 1254 constituitur.
1313 1187 1452 1275 Legitur
1462 1185 1487 1252 i.
1499 1185 1521 1252 l.

469 1293 546 1357 ἀλλ’
568 1290 615 1356 ἔτι
638 1291 689 1356 τὸν
715 1291 838 1367 δύςννον
861 1291 965 1370 ίΐομαι
989 1291 1105 1358 είποίεν
1128 1293 1219 1358 tutor

467 1403 665 1463 ’ΛΝΔΡΩΝ
688 1398 845 1479 μννςνίρων
868 1398 1011 1464 σκέδασιν
1034 1399 1121 1464 κατὰ
1146 1399 1278 1478 δώματα
1302 1399 1375 1476 ίείν.

333 1505 417 1572 unde
440 1508 578 1592 emergit
599 1525 676 1571 vers
696 1503 809 1570 lectio:
1154 1509 1159 1517 '

512 1612 623 1691 ἀνδρῶν
646 1615 805 1690 μννςνίροιν
828 1609 973 1678 σκέδασιν
997 1610 1082 1676 κατὰ
1106 1609 1239 1690 δώματα
1263 1613 1338 1686 ίείν.

378 1719 507 1800 Ἀνδρῶν
529 1718 685 1798 μννςιίρισν
707 1716 828 1804 legitur
850 1720 950 1783 stium
974 1715 1033 1784 Od.
1055 1721 1091 1796 ψ.
1119 1716 1195 1784 138.
1219 1729 1252 1785 et
1275 1742 1308 1784 οι.
1332 1717 1364 1784 2.

380 1926 437 1993 Od.
458 1937 493 1993 Β.
521 1923 576 1991 40.

470 2029 491 2098 ὦ
516 2031 618 2113 γέρον,
642 2031 785 2105 cicestrie
811 2026 896 2103 οὗτοι
920 2031 993 2115 ἀνὴρ
1017 2033 1124 2119 (τρίχα
1147 2034 1259 2100 πείσεαι
1284 2033 1391 2122 αὖτίς)

469 2135 501 2212 ὃς
524 2139 600 2204 λαὸν
621 2137 739 2218 ἤγειρα.

386 2243 480 2314 Oerte
501 2248 599 2311 metri
616 2245 704 2311 lebes
724 2247 914 2331 scripturam
933 2243 995 2313 loci
1014 2247 1220 2314 vehementer
1238 2252 1418 2334 suspectum
1439 2247 1531 2314 fucit.

334 2353 487 2440 Suspicor
507 2351 586 2419 olim
609 2352 723 2418 fuisse:

721 2449 752 2530 tr
778 2457 855 2546 (τὸν)
880 2457 956 2524 λαὸν
975 2461 1123 2540 Ἀγειρα.

381 2566 499 2633 Formo
520 2566 633 2646 ἄγειρα
654 2569 687 2630 et
710 2564 789 2631 olibi
812 2563 934 2652 legitur
955 2570 988 2631 et
1011 2564 1041 2642 ξ.
1064 2563 1142 2632 285.

470 2671 576 2736 πολλὰ
599 2669 627 2734 δ’
651 2667 765 2751 ἄγειρα
787 2669 932 2752 χρήματ’
956 2672 1006 2735 ἀν’
1033 2671 1222 2751 Αίγνπτίονς
1247 2671 1369 2752 ἄνδρας.

431 2933 439 2950 .
490 2932 498 2949 .
523 2881 577 2949 33.

380 2884 429 2952 Od
463 2909 553 3056 δαῖτ’
578 2986 766 3068 ἐντυνόμενοι
790 2987 925 3070 κρέατ’
948 2989 1054 3056 ὤπτων
1077 2989 1167 3056 ἄλλα
1190 2991 1221 3054 τ’
1243 2989 1368 3072 ἔπειρον.

380 3096 542 3164 Homerus
565 3100 597 3162 et
619 3096 828 3162 Athenienses
850 3117 961 3162 omnes
982 3117 1045 3162 non
1069 3097 1132 3163 uiis
1150 3097 1254 3164 formu
1268 3103 1408 3164 utuntur
1427 3119 1528 3185 quum

336 3203 409 3286 κρέα
432 3203 551 3269 ultimo
572 3204 672 3270 brevi.
719 3201 906 3290 Legcndum
930 3208 978 3268 cst
1000 3205 1104 3291 igitur
1126 3203 1198 3285 κρέα
1221 3201 1250 3267 τ’
1272 3203 1388 3269 ὤπτων.

379 3418 506 3484 Possim
536 3412 772 3481 confunduntur
802 3415 837 3478 in
863 3413 955 3479 libris
985 3415 1115 3492 μίμνον,
1144 3413 1265 3494 ἔμιμνε.
1293 3415 1469 3496 παρέμιμνε
1491 3423 1528 3481 et

333 3527 407 3592 sim.
437 3535 469 3590 et
498 3530 624 3600 μεῖναν,
658 3519 774 3604 ἔμεινε,
806 3519 982 3600 παρέμεινε.
1028 3517 1243 3609 Corrigendus
1273 3527 1322 3587 est
1350 3521 1440 3587 locus
1463 3519 1526 3586 od.

334 3643 372 3698 Δ.
400 3629 476 3697 733.
1332 3639 1334 3644 “

470 3737 513 3816 τῷ
537 3759 572 3800 κε
595 3731 677 3812 μάλ’
702 3732 719 3809 ἥ
745 3757 795 3798 κεν
819 3731 936 3811 iretur
959 3733 1011 3798 καί
1037 3733 1202 3812 ε’σσιίμενίι
1226 3759 1282 3815 περ
1307 3734 1383 3800 ὁδοῖο

472 3840 489 3916 ἥ
514 3839 612 3917 νέμε
636 3840 794 3914 τείνννῖαν
818 3839 858 3904 tsi
882 3839 1064 3921 μεγάροισιν
1087 3840 1235 3906 ἔλθῐπεν.

382 3947 591 4017 scribendum
616 3943 742 4024 έμΙΜνε
764 3950 803 4010 ut
824 3943 971 4011 ἓλθΙπεν.
997 3944 1079 4026 Quia
1097 3949 1132 4012 in
1150 3947 1269 4026 μίμνω,
1292 3949 1381 4013 utin
1401 3949 1524 4034 πίπτοι,

336 4056 457 4127 voculis
479 4065 493 4120 1
516 4054 613 4142 longa
636 4057 684 4118 est
706 4056 777 4138 post
800 4059 960 4138 syncopen
981 4053 1097 4118 vitiose
1118 4051 1219 4140 vulgo
1240 4052 1361 4142 legitur
1376 4055 1473 4135 μίμνε
1491 4060 1525 4121 st
1592 4127 1595 4131 ,

338 4164 449 4246 μίμνον
472 4179 529 4247 pro
551 4167 647 4237 μῖμνε
672 4162 705 4225 et
726 4165 857 4236 μῖμνον,
881 4162 920 4222 ut
942 4165 1039 4224 πῖπτε
1062 4165 1096 4224 et
1117 4166 1242 4226 πῖπτον.

382 4376 440 4444 Od.
466 4383 504 4442 H.
528 4371 608 4441 288.

518 4475 601 4546 εὗδον
623 4477 792 4560 παννύχιος
816 4477 868 4543 καί
893 4478 944 4542 ἐπ’
968 4479 1008 4553 οἰῶ
1033 4477 1085 4543 καί
1106 4476 1201 4557 μέσον
1225 4475 1320 4560 ἦμαρ.
