3304 5090
673 342 739 424 229

130 544 199 612 10110
215 544 303 634 fungi
321 543 434 635 Ulyssi
452 544 698 632 praelucentem.
722 543 939 626 Δονίιοπρεπὲι
962 543 1136 634 (inquiunt)
1154 545 1206 613 rai
1227 539 1300 614 λίνον

129 653 237 724 εὐτελὲς
266 651 300 716 τὸ
324 662 380 729 τῆς
404 653 549 726 διοινοίοος.
575 655 680 734 πολλῷ
702 653 766 733 γὰρ
790 648 823 726 ἦν
846 650 968 730 ἄμεινον
992 653 1223 732 ἐπιδημησάσιρι
1243 661 1299 730 reis

130 757 255 834 δαίμονος
276 760 456 835 οιῦτθμωτον
476 758 659 841 ἐπιλάμψαι
680 759 849 832 πολυτελὲς
869 765 948 842 φῶς.
985 759 1180 848 Agnoscisne
1197 764 1231 825 in
1250 759 1301 825 his

129 863 382 949 Aristophanem?
428 863 706 945 Quemadmodum
737 871 846 931 autem
878 885 972 952 supra
1003 887 1078 932 eum
1100 867 1244 932 vidimus
1265 868 1300 930 in

128 970 222 1035 serbis
243 969 333 1036 πόλλ’
356 971 511 1036 οὶποτίνειν
533 973 651 1052 Ἰιιμρίῳ
670 974 872 1058 perineptum
892 971 1067 1053 ὑπέρβοιτον
1086 976 1297 1060 excogitasse,

128 1077 167 1140 sic
192 1096 272 1142 nunc
302 1074 471 1144 mirificam
501 1077 629 1163 ellipsin
658 1083 858 1144 commentus
889 1085 951 1154 est,
978 1099 1075 1163 quam
1096 1081 1132 1144 in
1154 1077 1300 1160 Scholia,

128 1183 249 1247 citanti
269 1187 332 1261 est,
357 1181 446 1271 leges
468 1185 549 1269 ipse:
573 1203 711 1268 namque
733 1184 881 1270 equidem

259 1271 265 1283 ⁸
314 1286 389 1354 traco
413 1313 443 1354 τι
468 1288 582 1355 τούτων
606 1295 664 1355 τοῖν
688 1289 893 1372 σοφισμάτων
917 1288 972 1356 ite

317 1403 409 1462 πλεῖν
434 1394 451 1472 ἢ
476 1395 596 1478 ’νιιιντῷ
620 1395 824 1477 πρεσβύτερος
849 1395 1040 1477 οὲπέρχομοοι.

166 1498 259 1568 Venio
281 1523 365 1568 nunc
388 1502 428 1568 ad
451 1504 558 1588 ipsum
576 1502 816 1580 Aristarchum,
840 1503 940 1567 etiam
961 1505 996 1568 in
1013 1503 1066 1568 his
1087 1501 1301 1591 1003000010-

126 1607 163 1671 ris
190 1609 358 1686 saniorem,
392 1608 447 1674 sed
469 1609 516 1674 ita
538 1613 648 1675 tamen
669 1614 707 1673 ut
729 1607 840 1674 eadem
863 1609 1102 1695 reprehensione
1124 1629 1188 1674 non
1209 1607 1302 1694 plane

126 1719 228 1778 001001.

163 1817 197 1884 In
225 1817 314 1886 iliad.
344 1830 384 1885 A.
417 1817 483 1886 259
513 1839 580 1905 sqq.
608 1825 676 1886 erat
707 1823 742 1886 in
764 1822 913 1888 omnibus
935 1822 1027 1890 libris
1049 1823 1189 1908 antiquis
1210 1825 1244 1887 et
1265 1822 1300 1886 in

126 1921 263 1991 10001011
284 1927 422 1993 editione
445 1929 600 2012 scriptura
622 1927 715 1993 haec:

271 2033 360 2098 ἀλλὰ
385 2033 512 2111 πίθεσθ’,
537 2031 635 2114 ἄμφω
660 2033 691 2099 δέ
716 2035 844 2114 νεωτέρω
870 2034 937 2103 deis
960 2035 1054 2112 ἐμεῖο.

272 2139 326 2215 ἤδη
352 2140 416 2220 γάρ
440 2140 510 2205 ποτ’
535 2140 596 2218 ἐγὼ
620 2139 672 2204 sai
695 2141 825 2222 ἀρείοσιν
848 2139 882 2218 ἠέ
905 2165 962 2222 περ
985 2143 1077 2218 ’Τμῖν

271 2246 414 2326 estrees
437 2245 581 2324 ὡμίλησα
607 2246 659 2311 xci
685 2245 795 2312 οὔποτέ
818 2249 854 2325 μ’
879 2245 940 2326 οἵγ’
964 2246 1107 2328 ἀθέριζον.

163 2351 360 2416 Aristarchus
384 2350 422 2417 de
445 2371 502 2417 suo
527 2353 620 2429 Ἡμῖν
642 2355 784 2438 reposuit
806 2374 863 2439 pro
888 2356 997 2431 ΙὙμῖν,
1022 2352 1105 2439 qnod
1129 2369 1304 2437 0οο0100-

126 2463 225 2522 mento
248 2455 403 2523 adductus
426 2457 554 2534 fecerit,
579 2459 655 2523 audi
675 2480 713 2524 ex
733 2461 820 2545 ipsc:
842 2461 874 2542 (i
894 2459 987 2531 διπλῆ
1005 2455 1236 2542 περιεςινμένν)
1257 2451 1303 2520 ίτι

127 2563 274 2638 100000
295 2561 413 2646 reios
438 2565 478 2640 et
502 2588 573 2644 περ
597 2567 719 2642 Ὑμῖν.
744 2569 1017 2630 ’0010010100
1040 2561 1302 2642 11110010

126 2667 152 2733 11
176 2675 228 2735 τοῦ
259 2672 373 2749 Ἡμῖν
405 2670 458 2735 sal
490 2669 597 2736 ἑωυτὸν
627 2673 878 2752 σννκοιτωριθμεῖ
906 2671 958 2738 sal
988 2669 1111 2744 πάντας
1135 2669 1205 2742 τοὺς
1230 2666 1300 2734 καθ’

126 2773 232 2842 icardo.
277 2776 351 2842 Ain'
381 2775 476 2845 vero?
507 2777 673 2859 ἐφύβριςος
705 2779 736 2844 δέ
766 2779 780 2843 1
815 2776 928 2856 adeost
959 2777 994 2843 Si
1025 2780 1096 2864 quis
1125 2776 1165 2842 01
1192 2795 1302 2863 regem

125 2877 335 2949 Ptolemaeum
367 2885 419 2950 riv
449 2885 624 2962 Εὐεργέτην
656 2882 721 2972 (vel
750 2887 858 2970 potius
887 2886 939 2950 τὸν
969 2881 1167 2962 Κοικεργέτνν
1197 2881 1304 2947 iudice

124 2988 231 3074 populo
262 2990 346 3076 apud
369 2990 571 3057 Athenaeum
594 3011 667 3079 pag.
693 2988 769 3056 184.
793 2991 843 3074 0),
867 3010 963 3076 quem
985 2989 1188 3055 Aristarchus
1211 2985 1304 3052 disei-

124 3095 228 3178 pulum
258 3096 373 3163 hebuit
403 3097 533 3182 (Athen.
563 3117 637 3185 pag.
671 3093 724 3163 71.
756 3102 816 3181 0.),
847 3098 895 3160 ita
923 3097 1071 3161 dixisset:
1097 3093 1149 3160 ιιοιὶ
1173 3090 1302 3173 ἀρείοσιν

124 3199 204 3281 ἦέπερ
229 3201 321 3280 ὑμῖν
345 3201 488 3280 ἀνδράσιν
507 3204 669 3281 ὥμίλνισιι,
691 3201 921 3268 contumeliosa
940 3205 1039 3268 oratio
1058 3205 1091 3266 et
1109 3199 1302 3285 nullopacto

125 3305 275 3374 toleranda
298 3310 446 3375 omnibus
468 3311 651 3395 purpuratis
673 3312 744 3376 risa
765 3309 889 3374 fnisset.
913 3307 975 3374 Sed
997 3327 1098 3393 neque
1121 3304 1196 3371 illae
1215 3302 1304 3370 blan-

125 3411 226 3490 ditiae,
260 3435 338 3500 ques
372 3419 529 3480 crescente
563 3414 765 3481 humanitate
798 3416 883 3479 inter
915 3415 1059 3479 homines
1093 3411 1303 3499 elegantiores

124 3517 257 3598 ιῖρέτιιειιι
288 3520 443 3605 quaedam
466 3522 603 3607 peperit,
626 3520 776 3586 heroibus
799 3519 981 3586 Homericis
1004 3522 1097 3584 notae
1119 3517 1249 3582 fuermt
1271 3518 1305 3580 et

126 3623 291 3693 Aristarchi
314 3628 495 3692 coniectura
516 3647 590 3692 eum
612 3626 676 3693 loci
695 3630 851 3693 sententia
868 3631 1003 3716 pugnat.
1038 3623 1144 3689 Ἀλλὰ
1164 3621 1303 3700 πίθεσθε,

125 3727 229 3799 Nestor
250 3735 373 3820 inquit,
397 3733 532 3798 ἐπίθοντο
556 3733 619 3814 γάρ
642 3755 693 3809 μοι
718 3733 769 3798 καί
793 3733 948 3810 ιῖμείνσνει
972 3731 1049 3811 ἥπερ
1069 3729 1167 3807 ὑμεῖς.
1203 3725 1303 3792 Plena

125 3841 283 3922 prumtis
322 3844 356 3906 et
382 3841 583 3906 auctoritatis
613 3841 713 3905 oratio
743 3843 807 3916 001,
836 3837 939 3924 qualis
971 3835 1138 3902 Octaviani
1163 3832 1305 3920 Augusti

124 3939 180 4007 tuit
200 3945 240 4010 sd
264 3947 395 4012 iuvenes
418 3947 466 4012 ita
491 3946 642 4012 dicentis:
665 3947 769 4010 audite
791 3945 911 4010 iuvenes
933 3966 1045 4020 renem,
1069 3938 1304 4027 pumicosum

124 4069 197 4114 10οω
227 4052 388 4116 esocem
413 4051 450 4140 ¹).
496 4051 546 4116 lix
575 4051 752 4119 Aristarchi
775 4056 884 4117 autem
908 4051 1098 4117 comestione
1120 4044 1236 4110 Nestor
1258 4043 1306 4108 ita

125 4151 210 4223 dicit:
244 4157 377 4224 ἐπίθοντο
407 4156 472 4240 γάρ
503 4181 554 4236 μοι
586 4158 638 4224 κιο)
671 4157 826 4236 ιῖμείνονες
859 4159 934 4239 ἥπερ
963 4157 1073 4234 ἡμεῖς,
1097 4148 1167 4233 σφῴ
1190 4173 1226 4214 τε
1250 4147 1302 4214 secl

155 4401 179 4462 l)
200 4397 312 4452 8101100110
328 4400 354 4452 in
371 4399 481 4468 Appmd.
506 4401 610 4456 Γίονσνιῖ.
633 4399 655 4454 I.
680 4408 704 4454 5.
732 4397 870 4462 Morere,
897 4398 961 4465 ion,
988 4394 1033 4448 νίοι
1060 4394 1173 4463 ‘ripense
1202 4390 1230 4448 οὗ
1256 4393 1307 4454 stov

124 4497 229 4552 γιρωτις
247 4485 338 4550 incorr.
