3308 5090
714 391 756 462 st

124 579 230 644 ineat
257 581 427 646 inverbis:
458 580 732 658 ἀπολαμβάνοντα
763 581 846 656 ἐντὸς
878 581 921 647 τὰ
945 582 1017 660 πρὸς
1040 591 1078 663 πῖν’
1102 583 1331 666 Πελοποννήσῳ.

124 684 319 770 Interpres:
348 688 451 762 ,sitm
472 693 582 750 οοέσοοί
594 697 698 770 partes
717 707 759 754 Ao
783 707 1032 756 ΡλῐιοΡΟΚΝλεῦΜ
1050 688 1150 754 ον’ίοο.”
1182 689 1333 756 lidelirer

126 794 248 856 vertit
269 789 399 868 Graeoa;
432 792 465 856 id
495 796 602 878 ipsum
628 796 713 858 enim
737 793 896 882 signifieat
919 797 962 860 rai
987 805 1095 861 ssPOC
1118 805 1156 876 τῇ
1181 806 1333 861 Πελοπον·

127 897 246 980 νήσῳ,
274 899 325 964 sed
356 919 483 983 prorsus
513 899 545 964 id
576 899 716 964 alienum
747 907 795 966 est
825 920 844 964 a
875 899 1039 966 Strabonis
1070 904 1240 978 sententia,
1277 902 1332 987 qui

128 1006 270 1072 dixerat
290 1005 340 1068 τὸν
364 1003 468 1078 ίσίμὸν
497 1009 602 1070 τοῦτον
630 1008 664 1070 in
695 1025 727 1070 se
758 1009 916 1072 continere
949 1012 1064 1071 tertiam
1093 1007 1332 1093 paeninsulam,

127 1111 168 1176 id
204 1119 255 1176 est
281 1108 551 1194 Peloponnesum.
583 1109 799 1197 Megaridem,
832 1113 989 1182 Atticam.
1023 1112 1201 1178 Bonorum.
1248 1111 1332 1192 Quid

127 1212 266 1302 igitur?
299 1213 454 1302 Exporge
489 1214 568 1280 duas
604 1215 749 1281 literulas
785 1221 817 1282 et
859 1220 966 1283 omnia
999 1218 1162 1284 habebunt
1196 1219 1329 1302 optime.

129 1321 257 1386 Deleta
284 1319 417 1386 articulo
444 1319 487 1383 τοί
518 1320 736 1385 scribendum:
772 1321 1046 1399 &rotunditatem
1071 1323 1152 1393 ἐντὸς
1184 1323 1256 1400 πρὸς
1291 1331 1331 1403 τῇ

130 1428 359 1504 Πελοποννήσῳ
381 1427 437 1497 σήν
465 1449 500 1491 τε
526 1427 692 1505 Μεγαρίδα
717 1427 767 1490 καί
793 1429 847 1501 σὺν
877 1428 1042 1503 Ἀττικήν,
1068 1428 1101 1493 id
1125 1433 1190 1492 est:
1217 1445 1332 1506 „Fiant

130 1551 208 1599 'rna
235 1533 463 1616 Peloponnesum
495 1556 597 1614 aprum
628 1534 832 1614 Μοροποαοοοι
859 1556 972 1618 quoque
1002 1541 1030 1598 σί
1061 1531 1234 1599 Atticam.”
1278 1531 1332 1599 Sis

131 1642 246 1704 omnis
269 1645 316 1702 est
337 1637 463 1704 sublata
486 1637 666 1704 difficultas.

187 1743 339 1830 Superest
364 1742 494 1820 lacuna,
527 1764 623 1828 quam
654 1744 742 1809 nullo
765 1747 892 1833 negotio
917 1749 1001 1810 certo
1025 1741 1245 1829 supplemento
1268 1763 1332 1810 sar·

133 1854 206 1915 eire
227 1852 327 1935 possis
349 1851 510 1933 optimum
531 1849 662 1926 ducem,
687 1848 876 1915 Strabonem
897 1852 1023 1934 ipsum,
1048 1853 1183 1914 secutus.
1216 1846 1331 1916 Strabo

135 1959 225 2021 enim
246 1953 516 2041 quemadmodum
540 1974 613 2042 pag.
640 1953 714 2020 595.
741 1955 867 2020 scribit:
896 1955 1090 2034 repressores
1115 1953 1331 2032 terremur

133 2064 210 2133 τοὺς
234 2063 346 2132 τόσους
371 2063 433 2124 ἀπὸ
457 2067 512 2136 τῆς
537 2061 694 2139 παραλίας
721 2059 909 2140 ἀρξαμένους
940 2063 999 2142 ἀφ’
1030 2057 1125 2138 ἧσπερ
1144 2058 1329 2138 'edissertem

135 2170 184 2232 sio
205 2166 239 2232 h.
263 2167 286 2233 l.
319 2167 463 2232 dederat:
493 2165 724 2252 οίναλαίβίντις
757 2164 920 2244 οίρξοὶμενοι
956 2166 1017 2230 ἀπὸ
1049 2174 1105 2239 τῆς
1136 2166 1327 2249 π)αροιλίοοο,

135 2273 199 2350 ἀφ’
222 2269 319 2351 ἧσπερ
349 2273 587 2348 ’auratarum
622 2292 703 2357 quae
727 2271 854 2336 litterae
883 2273 1082 2336 exactissime
1108 2269 1240 2336 laounae
1262 2290 1333 2356 spa·

135 2381 221 2443 tium
244 2377 391 2464 implent.
427 2377 547 2443 Eadem
572 2397 665 2462 opera
687 2376 744 2442 illo
766 2376 836 2442 loco
856 2381 1004 2443 restitue:
1029 2378 1089 2456 ἀφ’
1113 2373 1207 2456 ἥνπερ
1226 2377 1329 2443 ’Ληο-

135 2485 289 2561 λίσομεν,
316 2483 400 2571 quod
424 2491 471 2550 ast
494 2503 530 2549 eo
553 2505 647 2550 sensu
670 2486 901 2562 necessarium,
925 2503 988 2548 non
1012 2481 1169 2560 ἐλίπομεν.

181 2695 276 2762 Nune
309 2695 415 2762 lorum
448 2694 653 2760 emendatum
685 2693 855 2782 diligenter
880 2697 1093 2780 inspiciamus.
1143 2695 1213 2776 Quo
1234 2696 1329 2763 refer·

135 2811 206 2869 tur:
226 2801 299 2879 ἕπερ
315 2797 399 2866 εἷπον
417 2803 447 2865 ἐν
464 2809 527 2872 τοῖς
544 2795 690 2878 σρίσίενί
710 2799 782 2864 Non
802 2800 841 2865 ad
860 2799 980 2865 librum
992 2799 1077 2866 VIII.
1097 2800 1153 2866 ubi
1164 2822 1237 2890 pag.
1249 2798 1325 2868 334.

134 2911 232 2975 tertia
263 2905 477 2974 Chersonesus
508 2927 574 2971 esse
606 2906 722 2970 dieitur
753 2907 769 2982 οἱ
795 2905 848 2969 καί
880 2907 997 2981 ταύτην
1023 2904 1221 2992 (secundam)
1245 2930 1326 2986 πορν·

134 3017 272 3096 ίχονσοι,
306 3010 339 3088 ἧς
371 3015 475 3084 indetis
509 3013 571 3076 οὶπὸ
602 3017 655 3076 τοῦ
687 3017 791 3089 μυχοῦ
826 3017 879 3076 τοῦ
911 3011 1052 3088 Κρισαίου
1085 3009 1199 3076 ιιίλπου
1230 3012 1325 3096 μέχρι

135 3124 362 3200 Θερμοπυλῶν,
386 3116 440 3183 sed
463 3138 502 3183 ne
525 3118 622 3182 verbo
645 3117 773 3203 quidem
797 3123 955 3182 memorat
977 3115 1083 3194 ἰσθμὸν
1105 3117 1247 3195 γενέσθαι
1269 3118 1326 3192 σὺν

134 3227 281 3293 Βοιωτίαν
317 3225 562 3302 ἀμφιθάλασσον
594 3219 685 3288 οὖσαν
751 3220 814 3287 Sed
849 3222 972 3289 dixerat
1008 3223 1068 3288 hoo
1104 3225 1138 3288 in
1170 3221 1246 3289 libri
1277 3223 1326 3290 IX

135 3336 247 3400 initio.
270 3350 367 3416 quem
390 3329 497 3394 looum
520 3349 639 3416 magna
660 3328 774 3395 laouna
797 3328 952 3394 absorbsit
973 3330 1008 3404 ¹).

180 3438 252 3519 Quo
263 3435 414 3500 refertur:
428 3433 591 3512 οξρξοίμενοι
604 3436 667 3500 ἀπὸ
680 3443 734 3509 τῆς
747 3434 918 3509 παραλίας.
928 3432 989 3514 ἀφ’
1004 3431 1098 3512 ἧσπερ
1110 3433 1326 3508 οἱπελίπομενί

136 3543 211 3610 Sine
242 3543 456 3608 controversia
487 3540 527 3605 ad
553 3540 794 3626 descriptionem
817 3560 889 3605 orae
907 3541 1106 3623 maritimae,
1131 3559 1212 3626 quse
1232 3542 1326 3608 initio

134 3651 209 3717 libri
225 3661 299 3735 post
318 3649 589 3712 enumerationem
607 3645 864 3731 paeninsularum
880 3645 983 3711 iuerat
998 3649 1146 3712 instituta
1167 3652 1199 3712 et
1213 3645 1326 3712 deinde

134 3759 323 3840 interrupta.
370 3752 562 3818 Pervenerat
583 3754 618 3817 in
641 3773 677 3818 ea
701 3753 1029 3837 descriptionemque
1052 3750 1092 3816 ad
1117 3759 1324 3830 Κρομμυῶνος

135 3863 242 3945 itaque
265 3860 482 3924 intermissam
504 3861 716 3924 narrationem
740 3860 785 3922 sio
809 3857 1005 3922 redordJ'tur:
1030 3857 1115 3934 μετὰ
1141 3867 1197 3922 ΔΗ
1223 3866 1324 3935 Κρομ-

135 3971 240 4040 μυῶνα
265 3964 330 4028 καί.
377 3961 426 4028 lix
456 3963 515 4029 hac
542 3966 612 4050 ipsa
634 3963 797 4050 deperdita
819 3983 891 4028 orae
914 3965 1095 4050 maritimae
1117 3962 1325 4048 descriptione

136 4073 240 4136 tenuis
263 4068 420 4156 partioula
443 4077 567 4136 servata
590 4076 638 4136 est
668 4070 762 4136 haee:
787 4065 845 4137 ῶσε
868 4068 919 4134 τὸν
943 4073 1133 4149 Κρομμυῶνα
1152 4069 1326 4150 Μεγαρέων

172 4299 198 4364 1)
223 4301 281 4350 Non
298 4301 363 4362 sopit
380 4299 404 4349 id
420 4299 600 4358 omnebonum,
618 4300 659 4364 qui
676 4299 705 4349 nd
720 4297 776 4362 ίσιρ
796 4296 861 4350 alnov
879 4296 903 4350 ίν
922 4300 974 4356 πῶς
991 4297 1091 4361 σρίσίον
1105 4301 1243 4353 annotastis
1267 4299 1327 4350 vti?

139 4383 191 4432 Non
208 4383 269 4432 σιιίοι
286 4399 315 4432 eo
331 4387 383 4431 ίοοο
400 4383 440 4432 ubi
456 4383 540 4431 ιίίοίοίί
561 4383 685 4433 &aedan
703 4382 727 4432 ἰν
742 4385 890 4446 pertinentur.
916 4384 979 4433 Νοσι
995 4382 1028 4430 ι’ίί
1043 4385 1111 4446 ίοιιρο
1127 4383 1199 4432 aliter
1214 4381 1328 4433 δαοοήία·

139 4464 206 4512 tatur
222 4465 287 4513 raca
304 4465 411 4512 ι’νίίνοννο
428 4464 498 4512 leuius
514 4465 599 4514 tertiae
613 4467 753 4529 patmus
769 4467 879 4532 officim.
913 4465 976 4514 Sane
992 4463 1014 4512 ti
1030 4463 1074 4514 dor
1090 4479 1164 4529 upra
1180 4464 1269 4516 (ίίαίιινι
1281 4465 1331 4526 snit

141 4557 218 4595 rocus
235 4559 318 4596 noum
335 4547 539 4597 nrsrnrrerun'Z

1174 4629 1186 4676 7
