3296 5104
877 347 919 419 46

301 539 358 619 μέν
387 536 488 615 ξένους
521 537 750 624 [μισθοφόρους]
783 537 1016 616 εἰσπέμψαντες
1043 539 1201 604 ἐκώλυσαν
1225 537 1513 620 ἐκπολιορκηθῆναι
1633 616 1634 623 ¹

301 647 436 726 Πέρινθον
468 683 510 694 —-
535 646 594 709 vovi
623 646 655 711 δὲ
688 683 729 693 -
756 644 896 721 βασιλέα
923 644 987 731 [τὸν
1011 649 1144 728 Περσῶν]
1166 645 1320 726 χρήματα
1343 651 1514 728 χορηγεῖν
1632 659 1633 722 t

259 787 265 795 ·
303 754 375 830 ἡμῖν
399 752 630 834 προτρέψονται.
679 750 800 818 Melius
822 753 981 817 omisisset
1005 753 1196 829 ααθεςῶτες,
1223 771 1284 836 quo
1307 754 1412 816 utitur
1440 772 1513 837 pro

301 858 384 933 ὄντες
414 865 538 946 praeter
567 879 663 923 usum
694 862 857 934 veterum,
890 857 945 922 sed
968 858 1166 939 μισθοφόρους
1191 878 1254 924 non
1275 860 1343 943 ipse
1367 858 1514 922 addidit

301 967 356 1031 sed
386 967 542 1052 magister
570 964 686 1050 aliquis
716 966 772 1048 qui
804 984 866 1029 non
888 963 1111 1030 recordabatur
1134 964 1255 1029 milites
1278 962 1511 1030 conductis-,ios

301 1071 417 1138 blando
447 1073 575 1137 nomine
604 1068 705 1146 ξένους
731 1067 900 1155 appellari,
925 1070 1008 1134 unda
1031 1069 1163 1147 ξενικόν,
1187 1067 1350 1148 ξεναγεῖν,
1375 1067 1511 1145 ξενολο-

302 1187 369 1257 γεῖν
395 1183 426 1243 et
450 1180 522 1243 sim.
546 1177 741 1242 dicebantur.
789 1174 874 1254 Ques
897 1174 1037 1260 appellat
1059 1176 1155 1242 homo
1177 1196 1251 1263 pag.
1275 1175 1350 1240 155.
1365 1174 1396 1239 2.
1418 1177 1507 1248 τοὺς

301 1289 360 1348 τῶν
383 1282 472 1362 ξένων
499 1279 654 1359 ἡγεμόνος
679 1281 737 1346 hos
760 1279 909 1357 ξεναγούς
934 1287 1056 1347 veteres
1080 1281 1182 1347 dicere
1205 1281 1356 1347 solebant.
1396 1281 1509 1347 Prae-

301 1395 388 1456 terea
418 1385 581 1454 Dindorfio
610 1393 781 1473 praeeunte
811 1385 880 1452 dele
903 1387 954 1451 τὸν
978 1394 1110 1468 Περσῶν.
1158 1388 1313 1473 Persaepe
1335 1373 1505 1466 βασιλεύς

301 1496 335 1561 in
366 1497 493 1580 seriptis
524 1499 671 1560 veterum
701 1491 886 1558 huiusmodi
916 1491 1076 1580 glossema
1106 1493 1221 1570 trehit,
1256 1493 1311 1558 sed
1332 1513 1506 1578 nusquam

300 1603 441 1686 ineptius
464 1620 559 1686 quam
581 1599 615 1664 h.
638 1599 660 1664 1.
685 1600 760 1683 quia
782 1598 941 1683 praecedit
959 1599 985 1663 oi
1005 1599 1090 1664 κατὰ
1110 1602 1165 1674 τὴν
1184 1598 1295 1665 Ἀσέαν
1316 1598 1503 1678 σατράπαι.

346 1706 436 1773 Alias
467 1727 517 1771 res
540 1706 656 1792 agebat
679 1703 830 1770 Reiskius
852 1725 953 1790 quum
976 1705 1014 1770 ad
1037 1706 1136 1771 verba
1159 1706 1315 1770 ἐκώλυσαν
1338 1707 1495 1786 ἐκπολιορ·

301 1815 426 1886 κηθῆναι
459 1811 595 1892 Πέρινθον
618 1815 783 1876 annotaret
808 1834 848 1888 „a
871 1811 970 1888 ποθθο,
996 1811 1239 1888 Atheniensibus,
1259 1810 1366 1895 ρυθο.”
1401 1810 1502 1878 Haec

301 1925 349 1985 est
379 1919 465 1984 enim
496 1917 554 1983 illa
576 1917 693 1983 nobilis
716 1917 838 1982 obsidio
860 1916 1024 1994 Perinthi,
1050 1937 1147 2001 quam
1170 1916 1340 2002 Philippus
1362 1938 1501 1983 summa

301 2045 359 2109 ope
397 2029 430 2089 et
465 2024 612 2090 omnibus
641 2023 764 2089 viribus
796 2041 978 2108 expugnare
1017 2027 1146 2086 conatus
1177 2043 1277 2107 quum
1309 2022 1501 2089 incredibili

300 2129 529 2216 oppidanorum
560 2131 682 2194 virtute
706 2132 738 2194 et
761 2130 937 2193 constantia
957 2133 1029 2192 tum
1052 2127 1303 2214 Byzantinorum
1326 2134 1359 2194 et
1380 2129 1498 2196 Perse·

300 2256 374 2300 rum
397 2234 517 2302 auxilio
538 2257 572 2301 re
595 2234 711 2299 infecta
731 2233 817 2298 abire
837 2239 963 2298 coactus
983 2237 1037 2298 est.
1076 2229 1208 2319 Copiose
1228 2254 1266 2298 ex
1286 2233 1498 2322 Theopompo

299 2341 489 2407 describitur
510 2362 529 2405 s
547 2340 684 2406 Diodoro
704 2338 813 2405 Siculo
833 2338 918 2404 XVI.
938 2337 1088 2412 74-77,
1108 2339 1165 2404 ubl
1184 2340 1259 2405 vide
1278 2331 1495 2426 quaescripta

300 2453 375 2512 suut
408 2467 475 2532 cap.
509 2444 561 2512 75.
595 2444 784 2524 ὁβασιλεὺς
807 2445 996 2525 ὑφορώμενος
1020 2447 1074 2536 την
1098 2452 1151 2510 τοῦ
1177 2447 1332 2511 Φιλίππου
1357 2445 1495 2523 δύναμιν

300 2553 424 2635 ἔγραφε
447 2554 519 2632 προς
543 2551 613 2623 τοὺς
638 2551 687 2616 ε’πὶ
713 2549 854 2630 θαλοθττη
877 2551 1044 2630 σατροὶπας
1068 2551 1188 2628 βοηθεῖν
1212 2554 1371 2632 Περινθίοις
1393 2553 1493 2618 παντὶ

300 2660 404 2725 σθένει.
442 2659 542 2738 διθπερ
574 2659 601 2723 οἱ
636 2656 796 2737 σατράπαι
833 2659 1105 2738 συμφρονήσαντες
1143 2657 1327 2738 ἐξέπεμψαν
1360 2663 1402 2731 εἰς
1433 2663 1493 2734 τὴν

300 2765 436 2845 Πέρινθον
469 2762 656 2845 μισθοφόρων
692 2765 815 2837 πλῆθος.
866 2762 914 2826 hx
948 2764 999 2828 his
1033 2769 1065 2829 et
1096 2764 1257 2830 similibus
1288 2765 1366 2831 locis
1396 2765 1495 2831 facile

300 2871 433 2960 colligas
464 2871 624 2947 falsarios,
651 2871 707 2954 qui
730 2869 787 2934 has
811 2871 934 2954 spurias
958 2871 1113 2935 orationes
1137 2874 1169 2934 et
1192 2870 1341 2956 epistolas
1364 2891 1492 2956 compe·

300 2983 448 3055 suerunt,
483 2978 588 3043 multa
622 2998 661 3042 ex
696 2975 894 3062 Theopompi
927 2976 1069 3041 historiis
1099 2979 1267 3054 sumsisse,
1300 2978 1338 3043 de
1369 2997 1432 3063 qua
1456 2999 1494 3044 re

300 3083 363 3150 alio
386 3084 455 3148 loce
480 3083 518 3148 de
540 3083 698 3148 industria
721 3102 886 3167 exponam.

346 3185 514 3255 Caeterum
544 3189 619 3254 vide
649 3208 746 3272 quam
775 3187 975 3274 negligenter
1005 3187 1101 3253 homo
1132 3187 1234 3253 dieat:
1268 3189 1292 3253 ol
1324 3189 1410 3254 κατὰ
1433 3189 1492 3264 την

303 3293 414 3360 Ἀσέαν
439 3293 600 3376 σατροθπαι
624 3293 782 3357 έκιθλυσοον
803 3292 1066 3373 ἐκπολιορκηθῆναι
1086 3292 1222 3372 Πέρινθον
1243 3330 1256 3343 -
1276 3293 1329 3359 καὶ
1349 3295 1491 3372 βασιλέα

299 3401 453 3481 χρήματα
476 3407 621 3481 χορηγεῖν
646 3401 718 3476 ἡμῖν
743 3397 973 3479 προτρέψονται.
1022 3399 1171 3464 Primum
1193 3401 1299 3484 inepte
1325 3401 1443 3466 dicitur
1464 3403 1489 3468 oi

300 3509 386 3573 κατα
417 3510 472 3581 την
505 3507 614 3571 Ἀσίαν
639 3504 818 3584 σατροθται,
844 3504 956 3569 deinde
980 3506 1026 3569 ita
1049 3526 1117 3570 rem
1140 3512 1247 3571 narret
1269 3509 1360 3591 quasi
1382 3505 1489 3574 Satra-

298 3634 358 3699 pee
389 3633 446 3679 suo
475 3611 624 3690 consilio,
653 3631 715 3676 non
739 3612 872 3696 imperio
895 3609 1009 3698 Regis,
1035 3609 1188 3676 Perintho
1211 3611 1360 3677 tulissent
1383 3634 1489 3699 opem.

299 3718 490 3785 Rectissime
521 3723 629 3783 centra
660 3715 900 3802 Theopompus:
926 3715 1078 3794 βασιλεὺς
1103 3714 1223 3796 ἔγραφε
1249 3719 1319 3797 πρὸς
1342 3718 1411 3790 τοὺς
1436 3719 1486 3784 ἐπὶ

299 3825 442 3904 θαλάσση
478 3822 644 3903 σατροὶπας
678 3822 750 3906 (hoc
783 3842 897 3888 verum
933 3842 1048 3887 nomen
1084 3821 1143 3910 est)
1176 3823 1296 3902 βοηθεῖν
1328 3825 1488 3902 Περινθίοις

299 3931 393 3996 παντὶ
425 3929 529 3994 σθένει.
563 3932 610 3994 ita
638 3930 725 3993 enim
757 3928 878 3993 factum
910 3946 976 3991 esse
1008 3929 1077 4012 ipsa
1107 3930 1154 3993 rei
1185 3933 1298 3994 natura
1329 3932 1406 3994 satis
1435 3930 1487 3996 de·

299 4040 466 4102 monstrat.

344 4141 451 4207 Redeo
479 4141 518 4206 ad
549 4138 928 4226 pseudo-Demosthenem
959 4159 1033 4226 pag.
1065 4137 1138 4204 153.
1174 4137 1228 4205 27.
1253 4140 1291 4206 de
1315 4162 1390 4228 rege
1413 4140 1487 4206 Par·

299 4269 406 4313 esrum
439 4247 613 4312 dicentem:
646 4245 676 4316 ὃς
709 4251 849 4310 τοσοῦτον
879 4245 935 4321 μὲν
961 4245 1107 4317 κέκτηται
1131 4250 1262 4310 πλοῦτον
1286 4241 1352 4312 ὅσον
1374 4248 1435 4312 οὐδ’
1460 4249 1485 4312 οἱ

300 4354 398 4418 λοιποὶ
420 4351 555 4428 ποθντεο,
578 4356 644 4418 imo
667 4372 739 4417 vero
759 4349 910 4415 suadente
930 4354 1128 4416 sententiani
1150 4351 1247 4416 λοιποὶ
1267 4362 1485 4428 ΣΤΜπαντες,

299 4460 362 4526 nisi
384 4459 465 4527 forte
488 4459 592 4524 lenius
614 4457 774 4530 Ἅπαντες
799 4459 848 4521 est
871 4455 1104 4543 corrigendum.
