3356 5084
880 341 946 412 458

316 532 470 618 [κελεύω].
519 533 590 602 Non
624 538 672 601 est
703 533 791 602 aliud
823 534 1028 603 emblematis
1057 558 1159 625 genus
1189 536 1387 622 frequentius
1411 555 1507 621 quam

316 639 448 716 κελεύω,
479 641 620 719 κελεύει,
654 641 806 720 κελεύων,
839 643 942 708 sicubi
964 649 1012 708 est
1035 643 1234 710 artificiosior
1256 649 1289 710 et
1310 642 1421 730 paullo
1442 642 1509 708 lon·

315 748 390 834 gius
420 753 578 832 protracta
609 749 777 815 verborum
808 736 1008 834 compositio.
1056 749 1093 815 In
1124 750 1235 835 rapida
1261 750 1509 816 Atheniensium

316 854 457 918 oratione
487 859 519 919 et
549 860 687 936 προφορᾷ
719 856 868 921 continuo
902 856 1072 942 apparebat
1102 857 1281 936 εὐτρεπίσαι
1314 876 1440 942 quoque
1470 876 1508 922 ex

315 959 401 1042 φημὶ
426 960 488 1026 δεῖν
511 981 578 1026 esse
601 980 799 1047 suspensum.
847 961 952 1027 Aliter
974 962 1052 1029 haec
1079 962 1258 1052 magistelli
1280 962 1441 1052 legebant.

361 1171 441 1260 Pag.
466 1168 520 1237 46.
552 1169 584 1236 8.
616 1168 697 1245 ὅντως
731 1171 886 1255 ύσφοολῶς
916 1171 1087 1251 ήδύνοιμις
1115 1170 1205 1256 τλέη.
1234 1172 1324 1239 'Non
1353 1173 1400 1238 sio
1430 1171 1511 1239 solet

316 1278 562 1356 Demosthenes,
597 1279 652 1345 sed
681 1283 737 1344 aut
770 1275 851 1351 ὅπως
881 1278 1074 1359 πλεύσεται,
1107 1285 1165 1346 aut
1192 1274 1272 1350 ὅπως
1301 1273 1377 1344 *AN
1410 1277 1510 1361 πλέη,

318 1386 401 1471 qnod
425 1382 652 1470 reponendum.

362 1492 433 1573 Quo
469 1489 667 1557 emendatior
702 1489 926 1557 Demosthenis
965 1496 1072 1558 textus
1110 1493 1277 1557 coniuncta
1315 1488 1511 1557 Oriticomm

318 1619 413 1684 opera
434 1597 538 1664 factus
562 1602 627 1682 est,
651 1617 688 1663 eo
711 1599 817 1684 magis
840 1601 970 1683 apparet
992 1595 1072 1671 ύσως
1094 1593 1382 1676 essecestram
1402 1598 1512 1664 hrturo

318 1709 462 1790 tempore
483 1702 564 1770 olim
586 1704 653 1769 fere
675 1708 855 1770 constanter
873 1706 1087 1791 compositum
1105 1703 1203 1769 fuisse
1224 1704 1398 1789 eodemque
1417 1724 1513 1770 sensu

319 1831 394 1877 cum
418 1811 619 1876 coniunctivo
643 1805 723 1882 ὅπως
741 1808 781 1874 ἄν
805 1811 945 1876 construi
966 1831 1033 1876 esse
1053 1809 1195 1876 solitum.
1244 1807 1445 1876 Incredibilis
1464 1815 1512 1876 cst

318 1917 353 1980 in
377 1937 415 1982 ea
436 1935 470 1982 re
494 1916 671 1982 scribarum
695 1921 727 1982 et
751 1921 963 1984 correctorum
986 1916 1146 2001 socordia,
1171 1918 1226 2002 qui
1250 1919 1348 1983 etiam
1371 1918 1408 1982 in
1431 1919 1512 1982 anti·

319 2023 481 2107 quissimis
512 2026 544 2088 et
574 2021 768 2088 fidelissimis
798 2023 934 2088 testibus
965 2025 1121 2088 sexcentis
1150 2021 1230 2089 locis
1260 2026 1387 2088 mutata
1409 2023 1512 2090 vocali

318 2127 420 2194 futuri
444 2131 596 2214 temporis
618 2128 736 2195 formas
757 2129 846 2194 etiam
870 2153 934 2193 οοιοι
946 2129 1045 2217 foedo
1068 2129 1249 2194 barbarismo
1280 2130 1315 2194 in
1338 2130 1514 2195 coniuncti·

318 2254 375 2300 vos
399 2239 632 2302 converterunt.

364 2339 454 2407 Dabo
476 2361 577 2427 pauca
599 2340 745 2427 exempla
769 2362 806 2407 ex
831 2338 947 2408 Codice
969 2339 993 2407 8
1014 2343 1049 2407 in
1071 2363 1134 2428 quo
1156 2340 1277 2429 legitur
1298 2359 1375 2428 pag.
1400 2339 1456 2407 28.
1479 2338 1512 2406 6.

320 2442 400 2519 ύτως
426 2445 471 2524 μή
503 2448 757 2532 σεισύμεύοι,
787 2468 861 2535 pag.
889 2445 943 2513 60.
972 2445 1024 2513 19.
1055 2443 1135 2521 ύνιως
1159 2447 1205 2524 μή
1231 2445 1510 2528 τοοοοξύμεύοο.

319 2575 393 2643 pag.
422 2552 498 2619 124.
524 2552 577 2619 10.
603 2551 684 2627 ὅπως
708 2555 752 2633 μή
776 2553 1005 2629 κινήσητοοι.
1030 2574 1106 2642 pag.
1130 2551 1229 2618 1428.
1250 2551 1281 2618 6.
1305 2547 1385 2627 ὅπως
1409 2553 1511 2632 μη-

318 2659 466 2740 cogneis
486 2660 539 2725 ιιοιὶ
555 2697 595 2710 -
608 2657 676 2740 ἕξη
687 2684 749 2738 τε,
768 2665 800 2726 et
820 2661 888 2726 sine
903 2659 1100 2727 barbarismo
1115 2659 1171 2726 sed
1186 2659 1328 2730 σολοίκως
1344 2679 1419 2747 pag.
1434 2657 1510 2724 103.

322 2766 350 2833 1.
376 2764 489 2849 δέδοιχ’
514 2763 594 2839 ὅπως
624 2766 737 2847 μήποθ’
762 2765 980 2845 ήγήσησύε.
1006 2786 1081 2855 pag.
1104 2764 1179 2832 130.
1207 2764 1262 2832 13.
1288 2765 1406 2832 δέδοικα
1429 2759 1511 2840 iecor

315 2871 614 2952 μή-γένητοοι.
645 2894 716 2960 pag.
740 2870 816 2938 194.
843 2871 895 2938 13.
927 2868 1007 2945 ierac
1031 2870 1300 2938 ιιοιτοολύσωσι
1331 2869 1508 2950 σὸνδήιοον.

315 3000 390 3068 pag.
411 2976 443 3044 9.
479 2973 530 3044 17.
566 2975 646 3052 ὅπως
677 2978 919 3059 βοηθήσητε.
952 2999 1026 3069 pag.
1051 2978 1106 3045 29.
1137 2977 1169 3045 2.
1201 2976 1280 3052 ὅπως
1312 2978 1506 3056 σώσωμεν.

285 3161 293 3178 ἱ
317 3105 391 3173 pag.
413 3081 488 3150 130.
515 3083 568 3151 11.
593 3080 672 3158 iores
697 3087 968 3169 μή-τοιήση.
991 3107 1066 3175 pag.
1081 3084 1157 3152 125.
1184 3085 1237 3151 10.
1257 3081 1336 3158 ὅπως
1361 3085 1406 3164 μή
1432 3083 1508 3152 δου-

319 3189 528 3258 λεύσωσιν.
552 3212 626 3280 pag.
642 3190 718 3258 128.
741 3189 796 3258 24.
820 3187 900 3266 ύτωο
923 3193 967 3272 μή
990 3191 1210 3275 οἱνιοτρύφη.
1235 3196 1268 3257 et
1289 3211 1365 3280 pag.
1378 3188 1434 3256 45.
1454 3189 1507 3256 20.

319 3293 399 3371 iaec
422 3299 467 3378 μή
491 3298 704 3374 ποιήσητε.

363 3403 437 3472 Non
459 3405 567 3470 minus
589 3407 745 3473 vitiosum
769 3410 817 3488 est
838 3405 865 3472 si
890 3411 923 3473 et
948 3405 974 3471 ei
999 3405 1044 3485 μή
1069 3425 1144 3473 cnm
1175 3405 1362 3472 coniunctim
1384 3425 1510 3493 compo·

320 3512 432 3578 situm

364 3616 502 3706 Legitur
524 3623 631 3686 tamen
653 3620 688 3684 in
710 3617 733 3686 8
757 3641 831 3709 pag.
857 3617 910 3685 16.
935 3618 967 3685 2.
991 3619 1016 3684 εἰ
1040 3619 1085 3697 μή
1109 3617 1271 3702 τρύξηι.
1297 3638 1369 3707 pag.
1386 3616 1439 3684 29.
1456 3618 1506 3685 11.

319 3726 346 3791 εἰ
370 3726 433 3806 γὰρ
463 3726 508 3803 μή
534 3724 776 3804 βοηθήσητε.
798 3747 872 3814 pag.
895 3724 949 3792 52.
973 3722 1027 3792 22.
1059 3726 1085 3790 εἰ
1117 3727 1162 3806 μή
1186 3749 1234 3800 τις
1259 3724 1455 3811 κωλύσηι,
1478 3730 1510 3792 et

320 3830 392 3899 aliis
414 3828 502 3899 locis.

365 3937 527 4005 Ridebatur
551 3958 623 4027 pag.
646 3935 699 4004 61.
734 3935 787 4007 lo.
817 3938 850 4004 τύ
880 3934 928 4005 οὖν
963 3938 1101 4020 ήγοῖιμοοι
1123 3936 1277 4022 φοβερύνη
1298 3977 1342 3988 -
1361 3931 1442 4014 iane
1465 3941 1509 4019 μή

321 4047 416 4120 κοινήν
439 4044 594 4129 κούφοισιν
622 4045 637 4110 ύ
667 4046 803 4124 τύλεμος
828 4045 926 4128 λύβη.
973 4044 1129 4112 Dicebant
1151 4050 1261 4112 autem
1283 4046 1509 4112 Athenienses:

319 4150 482 4231 φοβοῦμαι
512 4153 556 4229 μή
588 4150 709 4233 λούβη.
757 4149 859 4239 Opem
885 4150 964 4217 tulit
988 4149 1010 4217 8
1034 4153 1210 4218 rectissime
1235 4147 1315 4225 ύσως
1339 4153 1507 4231 omittens,

319 4261 352 4323 et
374 4259 504 4324 omnino
534 4257 696 4341 φοβοῦμαι
726 4257 772 4337 μή
800 4279 875 4324 cnm
898 4260 1013 4326 consto
1037 4259 1232 4326 coniunctivi
1253 4257 1349 4348 longe
1374 4265 1423 4326 est
1445 4260 1509 4326 usi·

319 4365 527 4430 tatissimnm.
