3342 5080
721 345 788 414 543

203 532 360 601 Mendosa
388 539 463 600 sunt
492 537 591 602 stiam
621 557 658 604 ea
688 557 768 622 quoe
798 537 909 604 statim
941 542 1134 624 sequuntur:
1159 537 1211 603 καῖ
1235 533 1270 602 τδ
1293 537 1348 602 τοῖ

159 638 341 723 μισθοφόρου
373 640 425 706 xa>
450 641 664 723 θεραπεύοντος
690 644 799 710 ἐκεῖνον
822 639 907 722 ἔργον
932 646 951 720 ή
974 641 1064 716 πόλις
1087 642 1126 709 διν
1150 645 1350 724 διεπρόττετο

161 748 312 832 [ἔφροόρει
338 746 536 833 Χαρόδημον].
572 746 735 816 Dobrnoua
758 747 792 814 τό
812 752 864 813 τοῦ
885 751 1040 835 expunxit
1060 754 1092 815 et
1110 751 1224 816 multis
1244 772 1350 817 exem-

159 854 221 941 plis
245 854 353 919 docuit
377 850 462 934 ἔργον
486 856 520 918 in
544 853 601 919 tali
625 875 659 920 re
683 853 857 920 articulum
876 876 939 921 non
962 856 1087 922 habers.
1124 854 1280 922 Sexeenta
1298 857 1350 921 his

160 959 222 1026 elia
252 958 328 1024 addi
357 965 502 1045 possent,
533 980 609 1026 nam
639 960 760 1049 legitur
790 963 909 1046 ubique
932 960 1085 1028 looorum.
1133 963 1224 1029 Debo
1247 984 1349 1029 unum

160 1087 198 1132 er
220 1063 396 1132 Menandro
419 1065 505 1151 apud
526 1066 642 1131 Athen.
667 1085 739 1153 peg.
767 1063 886 1133 um.

295 1172 480 1248 πεποιήκατ’
506 1168 592 1253 ἔργον
618 1173 679 1254 οόχ
702 1172 845 1258 ἑταίραν,

296 1278 345 1356 μοὶ
369 1279 422 1344 Δί’
444 1279 520 1345 ἀλλ’
545 1279 679 1358 ἑταιρεῖν.
702 1280 807 1346 ταῦτα
831 1277 859 1346 δ’
883 1277 956 1344 θντα
980 1281 1163 1360 γράμματα

295 1386 350 1461 τήν
373 1383 612 1466 προσαγόρευσιν
634 1386 667 1451 οὐ
693 1383 803 1468 σφόδρ’
828 1386 986 1466 εὔσχημον
1009 1397 1099 1453 ποιεῖ.

204 1490 305 1558 Nullo
328 1491 423 1558 modo
444 1492 479 1557 in
502 1491 554 1558 his
577 1496 633 1569 aut
656 1487 742 1571 ἔργον
765 1497 821 1558 aut
843 1492 968 1572 ἐπαίρων
993 1493 1165 1560 uacuum
1188 1493 1350 1579 admittit,

160 1603 192 1664 et
220 1596 451 1664 Demosthenes
478 1617 541 1663 non
571 1597 665 1662 sliter
692 1600 798 1683 potuit
828 1599 932 1665 dicere
963 1619 1059 1684 quam
1090 1601 1142 1664 καῖ
1167 1598 1350 1681 μισθοφόρου

160 1701 246 1784 ἔργον
278 1706 295 1779 ή
328 1703 416 1776 πόλις
441 1701 480 1768 οδν
504 1703 722 1788 διεπράττετο,
747 1707 783 1768 ut
806 1705 931 1769 dixerat
955 1726 1028 1792 pag.
1054 1704 1131 1770 661.
1158 1703 1189 1774 7.
1216 1707 1351 1782 λήσομεν

160 1813 197 1882 ὥς
222 1811 298 1875 ἔοικε
322 1808 510 1891 μισθοφόρον
533 1807 620 1890 ἔργον
639 1806 798 1890 οὶνθριόποιν
818 1813 973 1882 ποιοῦντες
993 1812 1047 1886 τήν
1069 1812 1180 1881 ἓιιόςου
1200 1813 1351 1894 σωτηρίαν

160 1915 273 1982 τούτων
302 1916 543 1998 δορυφοροῦντες.
590 1914 798 1983 Odiosissima
827 1916 961 1982 Athenis
992 1917 1147 1982 vocabula
1173 1923 1247 1983 sunt
1271 1918 1350 1997 δορυ·

160 2023 263 2106 φόροι,
295 2025 482 2106 δορυφορεῖν,
507 2028 663 2107 φρουρεῖν,
686 2023 848 2103 φόλαιιεν,
872 2021 1065 2108 φυλόττειν,
1089 2027 1122 2088 in
1146 2025 1261 2109 quihus
1284 2046 1351 2091 om·

160 2131 255 2196 nibus
277 2133 406 2216 iniquae
429 2142 461 2195 et
484 2131 672 2216 impotentis
694 2130 921 2196 dominationis
940 2129 1118 2196 satellitum
1137 2132 1234 2198 armis
1252 2129 1352 2196 fultae

160 2239 248 2304 notio
271 2240 363 2302 inest.
412 2234 523 2321 Itaque
545 2235 789 2320 Demosthenes,
814 2239 869 2322 qui
891 2236 988 2321 probe
1011 2237 1156 2302 iudicum
1175 2239 1298 2304 animos
1317 2237 1352 2301 in

161 2365 253 2409 reum
295 2345 420 2408 irritare
463 2343 600 2418 sciebat,
641 2341 749 2410 erebro
782 2341 842 2407 hoo
876 2343 1019 2429 imagine
1052 2345 1173 2421 utitur,
1206 2347 1244 2410 ut
1277 2364 1351 2430 pag.

161 2448 238 2516 650.
269 2448 323 2514 24.
357 2447 504 2528 γέγραφε
537 2447 589 2512 ιιαδ
619 2446 890 2528 substituisset
915 2448 996 2524 osas
1021 2448 1130 2513 ἐκεῖνον
1155 2445 1233 2522 ὅπως
1257 2449 1351 2520 atses

160 2552 178 2620 ό
205 2578 236 2619 τι
268 2554 305 2620 διν
335 2555 490 2633 βούληται
522 2564 601 2634 ποιή.
635 2559 668 2620 et
697 2574 770 2640 pag.
804 2551 880 2618 683.
908 2552 938 2617 1.
963 2552 1059 2618 καλόν
1084 2578 1142 2633 γε,
1168 2555 1201 2619 οὐ
1225 2552 1351 2634 γοόρςό

163 2665 223 2726 Ζεῦ
255 2662 306 2726 καῖ
336 2661 411 2738 θεοῖ,
436 2655 467 2733 ὃς
492 2660 585 2730 αὐτός
610 2684 686 2724 ποτε
709 2661 779 2731 τοὺς
805 2658 965 2740 ὑμετέρους
990 2661 1114 2740 ἐχθροὺς
1139 2661 1244 2738 μισθόν
1267 2675 1353 2740 λαμ-

160 2766 264 2846 βόνυν
283 2764 450 2850 ἐδορυφόρει
472 2770 578 2830 τοῦτον
601 2766 653 2849 ὑφ’
675 2764 818 2845 ὑμετέρου
838 2767 1047 2846 ψηφίσματος
1070 2772 1207 2846 φανῆναι
1228 2773 1351 2849 φυλατ·

160 2874 297 2953 τόμενον.
319 2879 353 2939 et
375 2894 447 2962 pag.
474 2871 550 2938 690.
579 2871 632 2938 17.
659 2872 787 2947 πηλίκον
811 2873 844 2938 τό
866 2874 937 2938 ποτ’
959 2872 997 2938 θον
1025 2873 1186 2951 ςενόξειαν
1205 2877 1354 2954 (maiores

160 2983 273 3064 nostri)
293 3018 334 3029 —
354 2980 380 3044 εῖ
413 2977 474 3059 όιρα
502 2979 651 3044 αῖσθοιντο
683 2975 728 3044 ότι
762 2982 814 3043 νῦν
846 2980 978 3054 ἡπόλις
998 2981 1039 3050 εῖτ
1065 2979 1213 3060 ὑπηρέτου
1238 2987 1353 3061 σχῆμα

160 3088 213 3154 rai
246 3085 335 3165 τόξιν
365 3087 552 3165 προελήλυθε
587 3085 639 3150 καὶ
665 3085 838 3164 Χαριδημον
858 3086 884 3151 εἰ
908 3087 969 3166 χρή
993 3091 1130 3166 φρουρεῖν
1152 3087 1352 3164 βουλεύεται.

160 3193 350 3274 Χαρῖδημον,
376 3191 464 3269 οῖμοι.
502 3191 551 3256 Ex
574 3191 625 3256 his
648 3191 726 3256 loeis
749 3194 834 3257 inter
854 3211 887 3255 se
910 3194 1101 3276 comparatis
1123 3196 1271 3280 arguitur
1289 3214 1355 3258 em·

161 3300 269 3367 blsms
298 3301 332 3363 in
362 3298 468 3362 verbis
494 3317 569 3384 pag.
587 3295 673 3361 682.
699 3295 752 3361 28.
801 3295 914 3361 Orator
936 3296 1139 3363 acerbissime
1163 3299 1303 3364 dixerat:
1328 3300 1354 3364 εῖ

74 3459 76 3464 .
162 3407 205 3485 μή
234 3407 290 3480 τήν
313 3405 440 3485 γραφήν
462 3401 662 3481 ἐποιησάμεθ’
689 3407 780 3480 ήμεῖς
804 3402 989 3476 ταυτηνὶ-
1006 3405 1188 3484 μισθοφόρου
1208 3442 1249 3453 -
1268 3405 1355 3485 ἔργον

162 3515 180 3589 ή
213 3511 302 3582 πόλις
333 3509 372 3576 ῖιν
402 3509 619 3590 διεπροῖττετο,
653 3510 766 3576 deinde
796 3511 902 3574 nescio
933 3510 1004 3594 quis
1034 3513 1125 3595 quasi
1155 3532 1217 3577 non
1252 3518 1356 3578 essent

164 3620 242 3685 haec
271 3619 349 3684 satis
379 3619 545 3703 perspicua
575 3616 699 3682 addidit
729 3615 864 3698 ἐφρούρει
898 3616 1093 3701 Χαρῖδημον,
1123 3621 1156 3683 et
1185 3617 1355 3684 verborum

164 3729 232 3792 vim
256 3723 355 3788 stulte
378 3724 488 3811 fregit.

207 3936 288 4023 Peg.
327 3932 404 4000 683.
442 3932 472 3998 5.
508 3931 578 4006 ἴσως
610 3931 708 3997 τοίνυν
740 3929 830 3996 ἐκεῖν’
860 3928 900 3997 ι’όν
929 3931 977 4004 τός
1007 3935 1042 4010 μ’
1074 3929 1165 4014 ἔροιτο
1189 3934 1222 3998 τό
1244 3933 1356 4011 δήποτε

163 4042 254 4107 ταῦτ’
285 4041 368 4113 εἰδὼς
399 4036 491 4114 οὕτως
522 4038 655 4120 ἀκριβῶς
692 4039 753 4116 ε’γὼ
789 4035 842 4102 καὶ
878 4039 1148 4118 παρηκολουθηκὼς
1181 4040 1265 4114 ἔνθοις
1298 4047 1356 4106 τῶν

162 4146 362 4224 οἶδιιιημιότων
395 4143 502 4232 [εἴασα
532 4145 602 4230 καὶ]
634 4145 693 4210 οὔθ’
729 4139 775 4208 ἔτ’
807 4143 900 4208 αὐτόν
932 4146 1078 4210 ἐποιεῖσθε
1111 4145 1239 4220 πολίτην
1272 4147 1357 4212 οὐδὲν

165 4256 308 4320 οὶντεῖπον
343 4251 404 4318 οὔθ’
439 4249 484 4318 ὅτ’
520 4252 659 4332 ἕπηνεῖτε
681 4247 837 4326 -λόγον
871 4251 1062 4328 ἔποιηοόμην
1096 4250 1212 4317 ossea
1269 4251 1357 4322 Vitio

163 4363 357 4446 irrepserunt
386 4359 484 4425 verba
513 4357 608 4423 εῖασα
640 4356 695 4421 καῖ
705 4405 715 4434 ,
749 4356 864 4442 quibus
893 4359 1025 4424 remotis
1052 4360 1160 4424 omnia
1181 4360 1357 4427 rectissime

162 4465 346 4554 procedunt.
393 4462 499 4530 Εῖαοα
532 4465 619 4530 enim
648 4465 683 4528 in
706 4484 744 4530 eo
766 4484 800 4529 re
823 4463 907 4529 nihil
932 4463 1021 4533 aliud
1044 4485 1111 4531 esse
1134 4469 1237 4552 potest
1260 4487 1357 4554 quem
