3296 5104
866 367 902 421 Vl

292 572 356 639 huc
386 572 452 638 t'ere
480 591 535 636 me
564 589 602 637 ea
624 591 695 658 spes
717 571 832 638 fefellit
854 575 952 640 etiam
975 575 1010 640 in
1030 575 1089 658 iis,
1112 593 1191 659 quoe
1212 594 1342 641 mecum
1365 575 1494 640 sentim

292 697 371 763 satis
400 693 549 760 sciebam.
595 692 708 780 Itaque
738 693 842 762 adhuc
872 697 990 782 scripta
1020 694 1245 762 Demosthenis
1276 700 1309 764 et
1338 695 1493 762 Platonis

294 817 426 884 tranum
455 837 577 889 secum.
604 820 644 881 ut
666 820 776 895 antea,
799 818 965 905 ingentem
987 820 1169 904 ineptarum
1189 816 1365 892 lectionum
1387 817 1491 884 farra-

293 941 422 1029 ginem,
453 959 533 1025 qnae
553 936 682 1005 nullum
705 959 802 1005 nsum
823 938 942 1006 habent
964 945 1021 1006 aut
1044 961 1185 1026 unquam
1207 940 1375 1006 habiturae
1397 943 1488 1004 sunt.

290 1061 383 1144 Quod
413 1062 441 1127 si
471 1081 566 1127 nemo
596 1059 745 1126 inducere
775 1062 809 1126 in
843 1062 988 1126 animum
1017 1063 1135 1147 poterit
1164 1059 1334 1126 Platonem
1353 1080 1393 1126 ex
1415 1058 1488 1126 solo

291 1181 464 1250 Bodleiano
494 1189 527 1249 et
556 1180 701 1247 Parisino
733 1182 779 1260 A,
802 1179 1052 1249 Demosthenem
1075 1203 1114 1248 ex
1137 1179 1205 1248 eolo
1227 1180 1373 1247 Parisino
1396 1177 1420 1246 S
1443 1180 1487 1248 ad

291 1303 462 1372 editionem
493 1321 622 1390 parare,
654 1304 805 1369 assumtis
833 1323 874 1369 er
896 1301 1019 1389 reliqua
1042 1299 1196 1371 Codicum
1220 1299 1413 1388 supellectili
1440 1303 1486 1368 iis

291 1430 419 1491 tantum
446 1423 655 1502 lectionibus,
688 1445 769 1509 quae
798 1429 855 1490 ant
876 1445 971 1491 uerae
993 1427 1058 1491 sint
1080 1430 1137 1492 aut
1159 1423 1301 1510 aliquam
1322 1424 1392 1490 ueri
1413 1443 1484 1510 spo-

292 1549 374 1614 ciem
403 1547 592 1634 praebeant,
625 1546 653 1610 ai
682 1545 733 1621 id,
756 1546 907 1630 inquam,
930 1566 1025 1613 nemo
1046 1546 1149 1612 facere
1170 1545 1357 1624 sustinebit,
1382 1547 1483 1610 ctiam

290 1671 336 1736 sic
367 1689 443 1734 cum
472 1665 688 1733 celeberrimis
716 1665 923 1751 scriptoribus
951 1666 1110 1753 praeclare
1141 1672 1249 1734 actum
1273 1667 1335 1734 erit
1357 1667 1386 1732 si
1407 1663 1484 1732 reli·

291 1810 428 1877 quornm
458 1789 605 1855 omnium
636 1782 792 1852 Codicum
824 1789 997 1873 scripturae
1028 1788 1234 1866 obiiciantur,
1266 1810 1341 1875 quoe
1364 1787 1483 1874 quidem

291 1912 452 1998 masaa
473 1909 584 1995 sacae
613 1914 642 1972 a
671 1907 819 1972 amaa
848 1907 919 1973 aaa.
975 1908 1085 1976 naeu
1107 1893 1191 1976 mn
1214 1912 1340 1977 iuvenis
1365 1907 1485 1994 unqua

292 2038 405 2101 acutus
434 2035 468 2097 et
497 2031 681 2118 ingeniosus
700 2026 755 2095 uel
778 2031 812 2095 in
835 2027 969 2097 Pleione
990 2030 1046 2097 uel
1066 2033 1100 2097 in
1123 2030 1336 2098 Demosthene
1357 2032 1483 2116 pericu·

290 2154 379 2220 lum:
410 2150 534 2220 videbit
560 2152 607 2216 sic
628 2148 895 2215 innumerabilem
915 2152 1112 2217 variantium
1133 2149 1307 2218 lectionum
1330 2151 1483 2218 multitu-

291 2275 400 2342 dinem
428 2279 595 2359 tnmqnam
626 2271 770 2338 tenebras
800 2270 866 2338 sole
888 2277 997 2338 exorto
1019 2276 1168 2339 continuo
1190 2273 1316 2362 fugari,
1338 2294 1396 2340 nec
1417 2275 1483 2340 nisi

290 2397 499 2484 paucissimas
521 2391 675 2479 quasdam
697 2412 877 2471 remanere,
901 2413 1037 2478 quarum
1061 2393 1142 2460 hona
1163 2414 1237 2481 pars
1256 2415 1290 2460 re
1310 2393 1483 2483 diligenter

290 2518 487 2586 moderata
516 2520 549 2581 et
577 2517 648 2601 ipaa
677 2513 802 2580 inutilis
836 2535 906 2584 assa
938 2520 1100 2604 arguetur.
1154 2515 1305 2582 Primum
1333 2519 1481 2584 omnium

289 2639 530 2728 repudiabimus
560 2655 680 2703 errores
709 2655 819 2702 omnes
841 2637 1110 2725 orthographicas.
1157 2639 1310 2719 Mupaaimc
1332 2640 1368 2704 in
1389 2637 1483 2704 libris

289 2761 439 2828 omnibus
470 2761 602 2847 optimis
630 2760 778 2844 pessimis
810 2761 894 2825 inter
924 2779 958 2825 so
984 2757 1099 2826 stolide
1121 2759 1358 2826 contunduntur
1380 2767 1424 2826 ΑΙ
1448 2765 1482 2826 et

293 2891 335 2961 ε,
367 2891 395 2948 H
427 2887 459 2950 et
486 2879 1483 2966 1‚H1eteletl,otet'rcontralociaententiamet

288 3009 412 3073 certum
443 3001 635 3071 Graecitatis
657 3022 763 3068 usum.
808 3001 976 3087 Nusquam
999 3009 1047 3068 est
1069 3002 1168 3070 dubia
1190 3004 1297 3090 optio,
1321 3007 1369 3070 eat
1393 3003 1481 3070 onim

288 3125 411 3213 aliquid
441 3127 525 3192 inter
555 3121 690 3199 ἐπέτειος
723 3128 755 3191 et
786 3123 944 3201 ἐπαίτιος,
977 3126 1070 3197 κυνᾶς
1097 3129 1131 3190 et
1152 3123 1273 3210 κοινάς,
1298 3123 1425 3190 παιδεία
1449 3129 1482 3189 et

290 3247 420 3334 cartas,
452 3245 536 3314 ἔλεον
566 3251 600 3313 et
630 3243 750 3324 ἔλαιον,
782 3243 889 3326 εἴρηκα
912 3251 945 3312 ei
968 3243 1083 3328 ὅρηκα,
1109 3245 1165 3312 aad
1187 3244 1365 3312 scribarum
1386 3265 1481 3313 namo

288 3370 324 3438 id
354 3373 411 3436 aut
441 3370 532 3435 norit
563 3373 620 3435 aut
649 3373 750 3434 curat.
797 3364 884 3434 Satis
913 3366 1136 3434 huiuscemodi
1159 3387 1302 3434 errorum
1325 3369 1424 3434 etiam
1447 3370 1482 3434 in

287 3491 559 3580 praestantissimo
582 3508 706 3576 quoqne
728 3487 811 3556 libro
835 3493 999 3575 comparet
1020 3493 1059 3554 ut
1080 3508 1175 3556 nemo
1198 3489 1318 3554 nesciat
1339 3490 1391 3556 aui
1413 3505 1481 3555 esse

288 3613 413 3680 arbitrii
443 3613 635 3678 constituere
663 3615 737 3676 ntra
767 3611 811 3676 sit
836 3610 956 3695 ubique
979 3611 1135 3694 scriptura
1156 3611 1269 3695 potior.
1316 3609 1365 3678 De
1386 3609 1479 3676 indu·

286 3737 366 3802 stria
387 3733 422 3800 id
444 3735 479 3798 in
501 3730 666 3800 Strabonis
688 3731 780 3798 libris
803 3737 836 3797 et
858 3731 984 3816 scriptis
1007 3733 1039 3796 ot
1058 3729 1156 3796 editis
1180 3729 1478 3798 demonstravimus

332 3854 540 3944 Dxpellemus
562 3852 675 3921 deinde
695 3852 812 3920 menda
830 3853 938 3919 omnia
958 3872 977 3919 a
995 3847 1163 3918 (lmecnlia
1182 3853 1355 3920 commissa
1372 3857 1481 3919 oontm

287 3985 408 4047 cartam
437 3981 471 4045 et
497 3974 695 4063 exploratam
723 3977 850 4042 Atticae
873 3971 1297 4042 monitumnonitum.
1346 3971 1480 4041 Oonstat

286 4103 439 4171 mundas
467 4118 615 4186 personas
645 4097 817 4166 verborum
847 4098 889 4188 in·
913 4130 934 4145 ·
947 4118 1021 4175 ομαι
1044 4096 1079 4162 in
1103 4129 1123 4146 ··
1137 4103 1177 4162 el
1202 4098 1304 4164 exire.
1329 4093 1480 4164 Graeculi

285 4223 395 4292 sedulo
426 4243 522 4291 auum
554 4257 574 4274 -
587 4229 630 4288 ffl
661 4219 715 4289 vel
745 4227 773 4285 H
804 4218 986 4286 inferciunt.
1030 4216 1068 4286 In
1097 4216 1242 4286 Platonis
1273 4217 1420 4288 Parisino
1449 4221 1479 4286 Δ

286 4347 354 4416 vidi
389 4349 529 4432 primam
564 4363 698 4412 manum
724 4342 802 4427 scre
835 4347 1005 4408 catulaster
1034 4339 1156 4410 dedisse
1186 4341 1356 4426 acceparat,
1388 4341 1477 4419 cicer,

282 4468 502 4554 ἄκριβολογεῖ,
535 4469 621 4546 ἡγεῖ,
655 4465 782 4548 διανοεῖ,
811 4464 940 4546 χρήσει,
970 4460 1154 4544 παραδέξῃ,
1185 4463 1241 4530 sed
1271 4462 1380 4549 utiquo
1411 4481 1480 4530 cor·
