3304 5090
890 371 956 442 244

513 560 591 630 θσοα
614 563 640 629 οἱ
664 560 844 644 ἔγγνθλιξα
869 562 1030 640 κυνώπιδος
1054 565 1155 633 εἵνεκα
1179 566 1295 647 mione.

327 672 430 758 putri,
462 674 501 735 ut
530 670 637 748 videa,
668 669 711 736 τοὶ
738 667 809 736 ἕδνα
834 672 980 749 dederat,
1005 694 1081 762 ergo
1105 678 1138 740 et
1161 699 1180 736 α
1197 680 1285 758 patre
1306 672 1432 757 reposcit
1454 691 1518 737 non
1648 712 1649 760 ρ

331 779 472 844 facturus
492 779 518 842 ei
538 797 575 842 ea
593 797 676 843 nora
694 779 809 843 coniux
826 799 883 864 pro
903 777 976 846 dote
996 778 1036 846 ad
1055 782 1211 846 maritum
1229 777 1401 845 attulisset.
1432 775 1519 858 Quid
1648 765 1649 792 ¹

330 883 486 950 attinebat
508 902 757 950 commemorare
779 881 876 951 Iliad.
901 894 942 950 A.
967 883 1045 950 243.
1067 887 1214 974 ingentia
1235 887 1341 972 eponei
1363 885 1463 950 dona:
1648 869 1649 878 ¹

1084 991 1191 1058 πολλοὶ
1213 992 1240 1057 δ’
1263 991 1353 1057 ἔδωκε

465 1097 554 1177 πρῶθ’
578 1095 687 1162 ἑκατθν
710 1095 784 1173 βοῦς
809 1095 917 1182 δῶκεν,
942 1094 1053 1163 ἔπειτα
1076 1097 1108 1164 δὲ
1127 1098 1209 1180 χθλι·
1234 1079 1351 1175 talen,

464 1199 562 1283 αἶγας
586 1203 660 1279 θμοῦ
685 1200 737 1266 καθ
761 1198 825 1276 tta.
847 1199 890 1267 τοθ
915 1204 939 1268 ol
964 1201 1091 1271 ἄσπετα
1114 1203 1319 1283 ποιμαίνοντο.

328 1315 357 1380 et
380 1332 418 1379 ca
439 1313 548 1378 omnia
570 1311 680 1375 atatim
703 1329 778 1374 cum
801 1329 899 1376 uxore
922 1310 962 1375 ad
983 1331 1057 1377 eum
1078 1311 1220 1377 reditura
1238 1306 1393 1376 tuissent?
1415 1306 1518 1373 Nulla

204 1440 209 1450 ·
329 1422 378 1486 eat
408 1417 566 1484 dubitatio
598 1416 676 1500 quin
705 1414 782 1480 haec
814 1435 938 1501 quoque
967 1416 1105 1482 formosa
1134 1415 1242 1501 puella
1273 1436 1336 1481 non
1359 1414 1436 1498 ribi,
1460 1412 1517 1478 ead
1649 1425 1650 1456 ³

322 1525 410 1613 putri
432 1545 500 1600 auo,
525 1522 621 1588 fuerit
644 1521 848 1600 αλφεσίβοιον.
883 1521 952 1587 Iam
974 1522 1111 1607 reliquos
1131 1522 1264 1588 Homeri
1284 1521 1368 1587 locos
1387 1521 1518 1605 inspici-

328 1647 438 1698 amus:
471 1628 695 1717 Agamemnon
726 1627 848 1693 Achilli
877 1633 914 1692 ut
944 1631 978 1693 in
1009 1631 1122 1716 magni
1151 1627 1295 1694 beneficii
1321 1627 1390 1692 loco
1413 1625 1517 1689 tiliam

326 1737 461 1804 ανθεδνον
491 1735 674 1822 pollicetur3
702 1732 904 1820 Othryoneua
929 1755 948 1800 a
969 1735 1099 1800 Priamo
1122 1737 1293 1820 paciscitur
1318 1733 1518 1810 Κασσάνδρην

324 1843 477 1925 θνέεδνον,
510 1842 539 1905 ei
568 1840 675 1905 hostes
705 1841 744 1906 ab
777 1839 838 1906 Ilio
865 1840 1043 1927 repulisset.
1092 1841 1176 1921 Quid
1201 1847 1282 1906 eeeet
1305 1860 1343 1906 ea
1360 1862 1394 1906 re
1417 1839 1518 1905 eordi-

326 1950 398 2016 diue
416 1948 632 2032 abiectiuaque
655 1949 683 2012 ei
705 1948 751 2012 eic
774 1969 850 2011 αονο
874 1953 967 2031 napta
989 1949 1056 2012 euie
1079 1943 1169 2020 ἕδνοις
1196 1943 1405 2033 spoliaretur?
1451 1943 1518 2010 Sed
1650 1934 1651 2010 l

324 2058 547 2145 Agamemnon
572 2051 655 2118 nihil
678 2053 738 2116 cibi
761 2052 1009 2138 daripoatulet,
1034 2059 1067 2119 ct
1090 2052 1293 2140 Othryoneue
1312 2057 1361 2118 eat
1383 2051 1517 2117 Priamo

324 2183 382 2250 pro
412 2160 479 2226 filia
510 2159 622 2225 (letum
650 2159 772 2225 iudicat
802 2162 830 2224 si
859 2181 934 2225 eum
957 2157 1068 2224 hostili
1089 2165 1180 2224 metu
1202 2159 1376 2226 liberasset
1423 2157 1517 2238 Quod

326 2270 366 2337 ad
388 2268 580 2336 Nausicaam
603 2265 682 2330 dicit
704 2264 851 2353 Ulyeeaa:
894 2281 899 2295 ·

532 2367 562 2444 θς
587 2369 621 2436 κθ
644 2374 674 2434 τ’
698 2370 818 2437 ἐέδνοισι
842 2372 956 2450 βρθτοις
981 2367 1087 2438 οἶκόνδ’
1112 2371 1292 2452 οξγοθγνρται.

325 2502 387 2548 non
410 2477 587 2567 significat:
614 2481 690 2564 „qui
714 2484 746 2545 te
769 2478 859 2546 donia
883 2487 1034 2544 oneratam
1058 2479 1190 2545 domum
1210 2478 1362 2563 duxerit',
1383 2478 1437 2544 ead
1458 2479 1516 2564 qui

324 2589 415 2655 donia
445 2585 583 2671 reliquos
613 2605 723 2672 procoe
760 2588 956 2670 superaverit
990 2604 1100 2651 omnea
1134 2605 1232 2671 eoque
1267 2585 1363 2651 finerit
1397 2587 1514 2670 potior.

321 2694 414 2773 lleto,
441 2692 557 2757 dixerit
579 2691 713 2777 aliquia,
737 2695 786 2756 eet
809 2690 867 2757 illa
888 2693 1108 2776 interpretatio
1131 2699 1262 2756 naturae
1285 2711 1463 2778 congruens
1481 2695 1516 2756 et

322 2801 418 2867 refert
448 2800 649 2883 antiquitatis
679 2818 803 2864 morem
832 2803 865 2864 et
896 2797 1051 2876 colorem,
1084 2797 1279 2882 quadratque
1309 2799 1343 2862 in
1375 2801 1515 2862 caeterae

247 2901 250 2910 '
324 2927 434 2974 omnes
456 2925 534 2990 quoe
557 2907 732 2990 apposuisti
754 2903 854 2980 locos,
881 2903 935 2970 aed
958 2905 1035 2988 quid
1058 2903 1212 2969 faciemus
1234 2901 1367 2969 Homeri
1389 2905 1514 2970 verbis:

571 3005 607 3082 ιθς
633 3008 663 3074 κ’
687 3010 781 3082 αὐτὸς
814 3007 1055 3075 ἐεδνώσαιτο
1086 3008 1237 3091 θύγατρα.

322 3137 426 3186 nonna
455 3115 489 3182 id
521 3119 585 3180 oet:
617 3113 652 3180 ἵν’
685 3115 778 3186 αὐτὸς
804 3115 818 3179 θ
845 3117 948 3194 πατὴρ
974 3125 1089 3180 ΔΟΤΟ
1112 3112 1184 3181 ἕδνα
1206 3116 1262 3190 τὴν
1285 3114 1443 3196 θυγατέρα
1466 3115 1516 3180 ἕκ-

324 3220 409 3299 aare?
451 3221 510 3287 liet
532 3222 610 3286 haec
633 3219 778 3308 vulgaria
800 3219 897 3286 huiua
920 3220 984 3288 loci
1007 3222 1244 3306 interpretatio,
1268 3227 1404 3306 quaeat
1427 3227 1517 3288 veta-

324 3331 413 3396 ribue
436 3327 584 3394 omuibus
607 3325 743 3412 placuit:
769 3326 945 3392 ἐεδνώσαιτο
970 3329 1056 3393 enim
1078 3329 1327 3412 interpretantur
1351 3348 1418 3392 cese
1441 3324 1516 3391 ἕδνα

324 3435 480 3508 tastum.
513 3433 743 3514 θτοτροικθοει,
776 3434 931 3512 χρήματα
964 3433 1060 3499 δθοει.
1108 3432 1249 3499 Audiet
1272 3433 1515 3498 Aristarchum:

324 3541 429 3623 κνρθως
452 3539 510 3617 μὲν
540 3537 633 3604 ἕδνα
664 3538 709 3607 ἐς)
733 3538 777 3604 τοὶ
802 3538 944 3617 διδόμενα
970 3540 1026 3604 ὑτθ
1050 3543 1103 3602 τοῦ
1125 3542 1301 3615 γαμοῦντος
1325 3547 1365 3621 τῇ
1388 3563 1516 3616 γαμοιι·

323 3649 416 3732 ulan,
448 3653 539 3711 NTN
571 3643 602 3710 δὲ
634 3651 874 3725 καταχρνςικῶς
905 3653 1007 3710 κεῖται
1039 3645 1056 3718 ιθ
1081 3643 1164 3720 λέξις
1187 3645 1257 3709 ἀντὶ
1281 3650 1335 3710 τοῦ
1356 3646 1516 3724 χρήματα

324 3757 527 3821 ’emmoni
574 3749 670 3817 Video
702 3747 860 3818 criticum
891 3747 926 3816 in
957 3753 1122 3840 angustiae
1143 3752 1306 3818 redactum
1330 3751 1458 3818 haerere
1481 3759 1517 3819 et

324 3862 387 3928 eibi
409 3879 472 3925 non
495 3861 646 3924 constare.
681 3855 718 3921 In
742 3858 873 3922 caeteris
896 3858 1044 3922 omnibus
1067 3856 1102 3921 τδ
1126 3856 1256 3933 διηνεκές
1282 3863 1314 3924 et
1333 3865 1424 3924 acute
1443 3880 1516 3944 pcr-

323 3969 419 4055 epicit
441 3969 474 4031 et
496 3969 622 4030 strenue
644 3962 797 4028 vindicat.
837 3963 991 4042 Φθβεοθαι
1014 3986 1125 4047 semper
1147 3969 1195 4028 eat
1217 3963 1347 4042 Φεύγοιν
1369 3971 1402 4030 et
1424 3964 1514 4043 βαλ-

323 4090 388 4140 λειν
419 4071 531 4137 eniens
552 4069 658 4156 ferire
687 4073 720 4135 ct
749 4067 898 4150 μθχαιρα
932 4071 1027 4134 ceter
1061 4075 1093 4134 et
1127 4075 1216 4147 σῶμα
1250 4071 1385 4136 cadaver.
1433 4069 1515 4152 Quis

144 4209 145 4214 ¹
275 4171 277 4174 ⁵
320 4183 433 4248 ferret:
466 4182 556 4252 σῶμα
587 4172 692 4255 κνρθοις
723 4176 779 4250 μὲν
809 4174 843 4239 rb
875 4179 982 4257 ψυχῆς
1013 4175 1199 4254 ἐτεριρμένον.
1234 4184 1326 4242 NTN
1352 4174 1383 4241 δὲ
1408 4201 1514 4242 κατα-

323 4289 476 4369 χριρςικιῖις
507 4283 542 4347 rt
573 4277 738 4363 ἔμψυχονθ
780 4279 842 4346 sed
866 4284 1048 4348 etiamnunc
1072 4282 1270 4348 admirabilia
1293 4281 1423 4370 linguae
1446 4281 1515 4350 Ho-

323 4393 461 4460 mericae
490 4389 680 4474 constantia
696 4386 738 4450 rot
772 4386 856 4452 αὐτοὶ
882 4387 949 4467 περὶ
974 4393 1032 4452 τῶν
1056 4388 1156 4452 αὐτῶν
1181 4389 1312 4463 ratetum
1336 4389 1513 4475 apparebit.

325 4499 339 4564 θ
363 4495 466 4576 πατὴρ
490 4493 642 4559 ἕεδνοῦται
665 4493 720 4567 τὴν
743 4493 900 4572 θυγατέρα
923 4499 970 4560 eet
993 4493 1007 4558 θ
1032 4495 1135 4574 πατὴρ
1158 4495 1225 4576 περὶ
1250 4501 1309 4561 τῶν
1331 4491 1436 4574 ἕδνων,
1456 4495 1513 4578 ἐφ’
