3304 5090
683 377 749 450 245

125 563 167 640 oie
187 571 242 645 ‘rip
260 570 418 654 θυγατέρα
438 569 541 651 δώσει,
562 576 713 650 συνθήκας
733 581 882 639 τοιεῑτοιιε
901 569 1062 655 paciscitur
1080 571 1170 654 pater
1192 565 1307 652 quibus

125 673 217 741 donis
246 677 442 764 sponsalibus
471 683 608 765 acceptis
636 680 766 746 daturus
789 682 832 744 sit
854 675 973 744 filiam:
999 679 1027 742 si
1051 676 1242 742 conveniunt
1263 671 1306 737 τθι

124 779 197 846 ἕδνα
229 788 357 870 nuptiae
388 783 479 850 fiunt.
526 784 626 854 Plane
658 788 735 853 haec
764 783 990 852 confirmantur
1011 783 1080 849 loco
1102 785 1137 847 in
1159 781 1241 847 Iliad
1265 787 1306 844 N.

124 887 192 952 ἐπεὶ
224 890 300 955 οὔτοι
332 891 474 955 ἐεδνωταὶ
507 893 598 958 κακοί
631 894 727 971 είμεν.
776 891 892 958 Daturi
925 911 1037 956 sumus
1070 890 1147 966 tibi,
1183 887 1304 972 iuquit,

123 1014 256 1060 uxorem
286 995 384 1061 liliam
417 996 681 1086 Agamemnonis3
707 1001 783 1084 quin
804 1001 908 1086 igitur
930 998 1069 1082 sequeris
1093 994 1133 1060 sd
1155 1013 1252 1060 naves
1275 997 1309 1054 νθ

117 1102 322 1184 paciscamur:
352 1101 435 1185 θΦρα
460 1101 618 1181 συνώμεθα
642 1105 708 1186 περὶ
733 1111 791 1170 τών
813 1101 912 1168 ἕδνων.
961 1101 1057 1167 Pater
1080 1105 1113 1165 et
1134 1099 1246 1164 statues
1268 1098 1307 1180 (οί

123 1207 277 1294 ἐεδνωταο
300 1211 356 1295 qui
379 1209 522 1296 plurima
544 1211 682 1280 dedisset
704 1211 756 1276 illi
778 1209 967 1293 ἐεδνιῦνται,
990 1213 1023 1274 et
1045 1209 1101 1292 qui
1122 1205 1223 1270 filiam
1238 1227 1310 1286 prc-

122 1315 176 1378 tis's
200 1315 336 1381 dedisset
361 1314 446 1400 (ἄνευ
471 1315 570 1406 ἕδνων)
595 1318 723 1402 perinde
746 1316 900 1398 depectant
924 1315 1058 1380 νίνὲεδνον
1079 1312 1201 1379 dedisse
1220 1311 1307 1378 vide-

122 1427 193 1500 tur,
227 1427 264 1486 ut
292 1423 515 1510 Agamemnon
541 1421 750 1512 Chryseidem
774 1422 927 1505 ώτριοίτνν
950 1421 1110 1486 ώνθιιοινον
1131 1420 1217 1505 patri
1238 1415 1309 1482 red·

121 1527 240 1592 didisse
260 1534 416 1594 narretur.
938 1517 941 1522 ¹

165 1632 274 1699 Multo
293 1634 411 1700 melius
430 1637 630 1722 antiquitatis
647 1656 770 1701 morem
791 1637 957 1722 cognitum
977 1633 1089 1700 hebuit
1107 1628 1309 1718 Asclepiades

122 1741 151 1804 ἐν
184 1739 273 1821 τρίτῳ
300 1742 566 1823 Τραγῳδονμίνων
599 1743 682 1829 apud
713 1739 910 1807 Scholiasten
938 1740 1070 1805 Pindari
1101 1738 1232 1825 Olymp.
1268 1735 1309 1802 Π.

123 1844 176 1911 39.
210 1849 257 1911 ita
279 1846 432 1912 scribens:
457 1845 552 1923 Ἰξίων
576 1847 676 1926 ἔγημε
704 1849 782 1912 Δίαν
806 1849 862 1920 τὴν
886 1846 1031 1921 Δηιονέως
1055 1844 1222 1924 θυγατέρα.
1247 1839 1309 1914 ἔθος

122 1951 152 2017 δὲ
175 1961 239 2024 τοῖς
262 1959 490 2023 exsuscitetis
514 1959 641 2036 νυμφῶν
664 1962 768 2019 Tolc
791 1959 978 2018 HATPACI
1001 1951 1081 2032 δῶροθ
1103 1973 1173 2015 τινα
1197 1945 1310 2029 τροσοί-

123 2082 207 2136 νειν,
232 2061 271 2132 ώς
298 2060 350 2123 καί
373 2055 529 2138 Ὅμηρος·

256 2165 347 2243 τρῶθ
372 2164 482 2230 ἑκατὸν
506 2165 581 2243 βοῦς
605 2166 715 2244 δῶκεν,
741 2165 851 2231 ἔπειτα
874 2165 906 2230 δὲ
928 2163 1010 2244 χίλι’
1036 2162 1150 2237 inrisu,

255 2267 354 2350 αἶγας
379 2273 453 2349 θροῦ
478 2272 531 2336 καὶ
555 2271 614 2340 θἰἰ.

122 2379 136 2444 θ
167 2384 242 2458 γοῦν
274 2378 419 2452 Διἰὀνεὺς
452 2380 538 2444 κατὰ
570 2379 604 2444 τὸ
635 2379 758 2454 σθνιιθες
790 2381 845 2454 τὴν
875 2383 933 2443 τῶν
968 2377 1062 2458 δώρων
1092 2371 1309 2456 εἰσεπράττετο

122 2484 220 2561 δθσιν,
253 2486 286 2551 id
311 2491 358 2550 est
382 2485 426 2549 τδι
447 2483 579 2551 ἝΔΝΑ
605 2485 736 2568 ἀπῄτει,
762 2491 794 2552 et
818 2506 888 2551 eam
912 2485 951 2551 ob
975 2503 1102 2549 causam
1126 2483 1177 2566 (ut
1200 2482 1310 2548 scribit

122 2590 337 2676 Asclepiades)
368 2591 408 2656 ab
438 2611 533 2657 avaro
563 2612 679 2679 genero
709 2614 765 2677 per
794 2592 926 2657 insidias
947 2593 1136 2655 interemtus
1159 2594 1216 2653 est.
1262 2587 1311 2655 De
1382 2608 1392 2624 ·

122 2697 232 2763 eedem
255 2718 289 2762 re
308 2698 420 2762 scribit
437 2687 596 2763 Diodorus
614 2695 742 2762 Siculus
761 2715 804 2763 lv.
830 2695 890 2761 16:
915 2695 1008 2772 Ἰξίων
1033 2734 1074 2744 -
1101 2694 1310 2774 ύτοσχθμενος

120 2803 252 2869 ἘΔΝΛ
282 2803 388 2869 πολλοὶ
418 2803 522 2867 δώσειν
554 2807 686 2868 Ἡσιονεΐ
713 2803 790 2892 (leg.
822 2805 961 2888 Δηϊονεῖ)
991 2800 1092 2880 ἔγημε
1124 2803 1178 2877 τὴν
1201 2801 1309 2866 τούτου

122 2909 289 2989 θυγατέρα.
322 2947 364 2957 -
394 2906 486 2974 ἔπειθ’
517 2909 531 2974 θ
563 2909 620 2987 μὲν
651 2908 744 2985 Ἰξίων
777 2912 830 2976 οὑιι
862 2909 1001 2974 ώσίδωκε
1032 2908 1074 2973 τὰ
1097 2910 1230 2974 ἝΔΝΛ
1256 2909 1310 2994 [τῇ

121 3017 280 3100 γυναικιΊ,
314 3017 327 3081 θ
360 3017 391 3081 δὲ
423 3015 566 3092 Διρίόνεὺς
598 3017 656 3090 τοὶς
687 3013 799 3089 lausve
828 3017 897 3082 ἀντὶ
921 3017 1032 3082 τούτων
1058 3017 1252 3097 θνεχθρισεν,
1279 3021 1312 3080 et

120 3123 243 3208 reliqua
265 3127 303 3187 ut
323 3123 408 3209 apud
431 3123 668 3208 Asclepiadem,
691 3125 782 3188 cuius
804 3122 1055 3202 Τραγῳδοθμινα
1077 3121 1209 3188 fortasse
1235 3121 1312 3188 Dio-

121 3227 215 3294 dorus
246 3231 280 3292 in
308 3228 368 3293 hac
392 3232 480 3313 parte
504 3230 607 3312 operis
629 3229 828 3314 sequebatur.
875 3227 960 3292 Luce
984 3226 1099 3292 clarius
1121 3235 1169 3293 est
1191 3238 1231 3311 τῇ
1253 3253 1309 3306 ρυ-

120 3335 202 3398 νιιιιιί
234 3334 464 3420 interpolstum
496 3355 562 3399 esse
594 3335 633 3400 ab
664 3334 789 3421 aliquo,
820 3329 1038 3420 quiritibus
1062 3343 1101 3415 τῇ
1125 3334 1310 3418 γαμουμένῃ

121 3439 253 3506 διδοσθιιι
286 3441 440 3526 putabat,
471 3461 528 3506 nec
559 3443 636 3505 satis
664 3440 931 3507 animadverterat
953 3460 1009 3504 eur
1030 3439 1120 3504 Ixion
1143 3461 1238 3506 suum
1261 3463 1310 3508 so·

121 3567 229 3612 cerum
259 3565 387 3612 necasse
416 3551 605 3612 narraretur.
653 3546 870 3633 Asclepiades,
905 3552 942 3611 ut
977 3546 1181 3624 Aristoteles,
1212 3549 1310 3633 probe

120 3652 258 3738 sciebat,
289 3647 335 3716 ὅτι
367 3653 393 3718 ol
419 3651 522 3717 τοίλαι
544 3651 696 3727 Ἕλληνες
720 3654 778 3725 τοὶς
802 3659 958 3731 γυναῖκας
982 3652 1068 3734 τυροὶ
1090 3658 1148 3717 τῶν
1172 3651 1309 3734 σατθρων

119 3766 183 3831 τοῖς
204 3760 383 3825 ἘΔΝΟΙΟ
406 3759 557 3827 ἐωνοῦντο.

165 3863 202 3932 Si
223 3865 302 3932 haec
323 3887 399 3934 veru
422 3874 454 3933 st
477 3873 563 3935 certa
584 3875 659 3936 sunt
682 3869 721 3936 de
743 3868 865 3938 serbis:

304 3974 329 4038 cl
353 3973 385 4038 δὲ
409 3973 514 4053 pepon
538 3972 676 4052 τεθξουσι
700 3978 752 4044 καί
776 3975 1092 4058 inardescamus,

120 4075 210 4145 nulla
240 4099 307 4146 esse
338 4085 442 4166 potest
469 4082 627 4148 dubitatio
651 4087 726 4168 quin
750 4083 827 4150 haec
850 4084 917 4164 περὶ
941 4091 999 4148 τῶν
1024 4081 1180 4160 μνιιςθρων
1205 4079 1310 4146 dican·

121 4191 189 4250 tur:
222 4189 353 4272 quinem
385 4190 472 4252 enim
503 4195 627 4274 praeter
657 4209 766 4273 procos
797 4189 861 4254 dici
889 4195 1021 4274 possunt
1043 4185 1114 4252 ἕδνα
1138 4185 1309 4268 ἑτοιμάζειν

122 4293 190 4358 sive
213 4290 418 4373 εὐτρεπίζεινί
452 4293 562 4379 ltaque
585 4294 670 4380 quod
694 4294 859 4380 utrobique
883 4295 1025 4361 additur:

260 4400 365 4464 πολλοὶ
389 4399 467 4476 psa
490 4395 668 4465 docuimus
691 4401 787 4482 φίλοις
812 4401 861 4465 ἔτ)
886 4400 993 4473 παιδὸς
1018 4397 1165 4476 ἕπεσθαι,

124 4503 201 4586 quia
222 4505 390 4570 manifesto
414 4525 489 4572 cnm
512 4506 712 4592 praecedenti
733 4527 827 4574 versu
848 4511 973 4598 pugnat
996 4510 1028 4574 et
1050 4505 1223 4573 abeundum
1247 4511 1309 4596 est,
