3304 5090
329 563 492 626 contextae
515 564 604 636 sunt,
629 563 661 622 et
683 561 717 624 in
739 558 790 624 his
813 556 962 628 omnibus
984 560 1194 622 tenetentum
1220 555 1375 638 scriptura
1399 555 1526 635 reperta
1643 541 1644 600 t

329 670 377 730 est
400 664 550 751 vulgatae
574 663 805 748 anteponenda,
829 665 870 735 in,
891 663 1044 728 Theaeteto
1067 681 1141 748 pag.
1167 657 1243 726 175.
1264 677 1291 724 c.
1317 659 1374 722 ubi
1397 657 1526 736 βαρβα-

330 769 416 850 ρῖζων
446 775 573 836 servant
595 769 748 842 Platonis¹
764 765 908 843 Codices,
933 767 986 832 sed
1011 761 1206 846 βατταρίζων
1229 763 1427 832 Themistius
1451 783 1526 848 sup
1643 777 1644 832 t

331 877 453 962 peditat
476 897 548 963 pag.
575 874 653 942 278.
766 939 771 954 ,
1643 849 1644 880 ¹

374 981 412 1046 In
442 979 576 1046 Libanio
607 986 730 1057 autem,
761 983 817 1064 qui
841 981 996 1044 sexcentis
1017 977 1097 1045 locis
1121 980 1226 1042 utitur
1249 998 1287 1042 ex
1310 974 1526 1040 Demosthene

332 1092 364 1153 et
393 1086 548 1152 Aeschine
579 1088 712 1160 sumtis,
729 1087 792 1168 ¹qui
814 1087 937 1170 passim¹
956 1083 1178 1170 Thucydidem
1202 1089 1234 1148 et
1256 1082 1427 1148 Isocratem
1452 1082 1526 1145 imi·
1643 1167 1644 1188 Χ

329 1197 436 1269 tatur,
455 1212 632 1275 numquam
651 1212 691 1254 ne
709 1211 810 1254 unum
831 1191 959 1274 quidem
978 1189 1085 1254 locum
1106 1191 1225 1274 reperi,
1245 1188 1328 1252 unde
1347 1187 1525 1272 quidquam

329 1300 365 1366 in
388 1318 498 1362 eorum
521 1298 646 1380 scriptis
670 1301 726 1362 aut
749 1296 864 1360 mendo
884 1294 1012 1360 liberari
1033 1301 1088 1360 aut
1107 1294 1217 1379 paullo
1236 1293 1353 1358 melius
1373 1295 1526 1356 constitui

329 1406 440 1489 possit.
484 1400 572 1465 Vitia
606 1407 638 1466 et
669 1421 787 1466 errores
814 1401 870 1466 diu
902 1407 974 1464 ante
1005 1401 1132 1467 Libauii
1164 1405 1301 1466 aetatem
1334 1401 1401 1463 nati
1432 1405 1529 1482 eunt,

331 1528 432 1592 neque
465 1513 536 1591 post
564 1505 735 1570 libanium
761 1503 891 1570 Codices
914 1504 1018 1570 multo
1042 1507 1212 1572 deteriores
1235 1509 1309 1570 sunt
1331 1504 1415 1568 fecti.
1464 1502 1528 1568 Per

331 1635 386 1678 aex
417 1616 522 1699 prima
554 1611 680 1676 saecula
708 1611 857 1695 pleraque
889 1615 1063 1695 scripturae
1094 1613 1175 1676 vitia
1205 1615 1275 1674 orta
1296 1617 1327 1674 et
1349 1615 1526 1696 propagata
1643 1685 1644 1704 χ

331 1725 421 1798 sunt,
446 1718 480 1782 id
504 1717 588 1802 quod
611 1723 643 1782 et
664 1723 736 1782 ante
759 1717 874 1782 multis
896 1716 1051 1801 exemplis
1072 1717 1376 1788 demonstravimus,
1396 1721 1429 1784 et
1447 1715 1528 1780 alias
1643 1707 1644 1782 t

332 1829 367 1890 in
397 1824 545 1900 Platone,
574 1822 803 1904 Demosthene,
829 1821 1034 1908 Thucydide,
1058 1820 1150 1898 aliis,
1174 1823 1330 1906 copiosius
1352 1824 1450 1886 etiam
1475 1823 1528 1888 de·

333 1937 508 1996 monstrare
539 1927 709 1994 consilium
740 1934 796 1994 est.
846 1928 938 1992 Nune
970 1947 1033 2006 uno
1057 1933 1184 1992 tantum
1207 1933 1280 1992 utar
1302 1927 1465 2011 exemplo,
1491 1933 1528 1992 ut
1643 1933 1644 1940 ’

333 2037 496 2104 ostendam
513 2036 684 2116 libanium
705 2037 821 2100 vitiosa
837 2034 922 2118 apud
940 2033 1108 2112 Platonem
1121 2033 1255 2110 lectione
1267 2053 1333 2098 esse
1345 2034 1525 2118 deceptum.

331 2141 452 2208 Scribit
486 2141 577 2206 Tum.
612 2139 653 2204 Π.
691 2138 877 2226 Ραςψ533.
896 2215 899 2222 ¹
917 2138 969 2204 19.
995 2139 1138 2220 μονονοὺκ
1161 2139 1211 2204 ἐπὶ
1236 2146 1294 2228 τῶν
1319 2147 1466 2217 κεφαλῶν
1490 2142 1525 2206 τὸ

332 2248 478 2326 συνέδριον
502 2246 655 2328 φέροντες.
692 2243 817 2328 Sumsit
839 2246 917 2326 haec
940 2267 960 2310 a
983 2245 1111 2310 Platone
1134 2247 1171 2308 de
1193 2245 1269 2328 Rep.
1295 2266 1368 2332 pag.
1391 2240 1458 2320 600
1491 2265 1524 2310 n.

332 2357 424 2420 euius
442 2353 549 2418 locum
569 2361 675 2418 vetere
694 2353 809 2418 mendo
821 2353 1030 2436 depravatum
1043 2373 1109 2417 esse
1120 2372 1183 2416 nou
1196 2351 1366 2417 intellexit.
1390 2351 1525 2418 Editur:

332 2457 407 2526 οὕτω
438 2457 559 2540 σφόδρα
590 2463 755 2540 φιλοῦνται
779 2455 836 2526 des
860 2458 949 2536 μόνον
973 2463 1025 2524 οὐκ
1048 2460 1097 2522 ἐπὶ
1122 2466 1193 2530 ταῖς
1218 2463 1377 2538 κεφαλαῖς
1402 2460 1528 2538 περιφέ-

330 2587 428 2646 ρουσιν
451 2565 562 2635 αὐτοὺς
588 2565 613 2629 ct
637 2564 767 2645 ἑταῖροι,
790 2565 848 2628 ubi
867 2561 1100 2630 Stallbaumius
1120 2563 1291 2630 Themistii
1310 2565 1527 2630 imitationem

330 2671 486 2736 indicavit
508 2669 595 2734 XXI.
620 2691 695 2757 pag.
722 2669 799 2734 254.
826 2689 859 2734 λ,
886 2666 917 2734 ῖν
943 2671 1030 2746 ἡμεῖς
1055 2670 1106 2736 διὰ
1130 2669 1248 2742 ταύτην
1269 2671 1324 2744 τὴν
1344 2671 1528 2748 φαντασίαν

331 2777 474 2854 μονονοὺκ
507 2775 556 2840 ἐπὶ
589 2784 660 2846 ταῖς
690 2782 850 2855 κεφαλαῖς
883 2775 1094 2854 περιφὲριμεν.
1127 2773 1331 2840 Ostendimus
1359 2775 1399 2840 ad
1423 2775 1527 2842 Xenu

332 2882 460 2968 phontis
494 2881 702 2968 Cyropcedicm
731 2880 876 2946 Platonis
898 2902 1031 2946 manum
1056 2881 1137 2946 hauc
1161 2899 1245 2946 asse:
1270 2880 1358 2958 μόνον
1382 2881 1436 2946 οὐκ
1460 2885 1527 2948 ’eN

332 2995 402 3060 ταῖς
427 2986 614 3058 ’ΛΓΚιὶλαις
639 2987 848 3066 περιφέρουσιν
873 2988 898 3050 οῖ
924 2986 1055 3065 ἑταῖροι,
1080 2991 1118 3052 ut
1140 2984 1254 3052 Latine
1269 2995 1386 3067 pestere
1398 3011 1527 3070 puerum

325 3095 489 3178 parvulum
519 3093 553 3155 ι’νι
584 3092 719 3156 manibus
746 3099 778 3158 et
801 3093 834 3156 νἰι
856 3092 927 3170 aina
946 3100 1064 3173 pestere
1086 3098 1118 3157 et
1137 3099 1254 3172 pestere
1277 3093 1310 3156 ιἰι
1333 3094 1427 3158 oculis
1452 3094 1528 3160 dici-

335 3204 397 3264 tur.
436 3198 590 3264 libanius
622 3201 721 3264 sensit
749 3201 869 3264 vitium
901 3200 1003 3264 inesse
1025 3201 1058 3264 in
1082 3198 1131 3262 ἐπὶ
1156 3206 1227 3272 ταῖς
1252 3203 1409 3278 κεφαλαῖς
1435 3205 1468 3264 et
1490 3200 1528 3265 de

333 3325 389 3370 suo
423 3304 472 3370 ἐπὶ
500 3311 559 3370 τῶν
587 3309 734 3384 κεφαλῶν
756 3305 924 3369 substituit
943 3325 1059 3385 augens
1083 3305 1180 3370 etiam
1202 3303 1339 3369 malum.
1376 3303 1528 3372 Reiskius

333 3410 490 3497 explicere
522 3415 652 3475 conatus
682 3410 821 3495 perdidit
852 3428 998 3494 sperem:
1033 3411 1081 3487 „ei
1112 3415 1178 3494 quia
1209 3411 1338 3495 (iuquit)
1370 3413 1403 3472 ιἰι
1431 3413 1527 3498 capite

331 3518 407 3602 quid
427 3523 549 3600 portat,
582 3517 618 3579 id
647 3516 680 3580 in
705 3523 852 3600 potestate
881 3537 937 3580 ινα
967 3517 1073 3596 dudm
1085 3537 1177 3598 penes
1201 3537 1265 3578 eum
1287 3523 1330 3594 eet
1349 3515 1385 3578 id
1405 3518 1527 3602 deferre
1643 3515 1644 3546 ¹

332 3645 509 3710 quocumque
536 3620 634 3686 celit.”
656 3621 739 3706 quod
762 3625 868 3706 aperte
892 3627 1021 3698 etcum
1044 3627 1158 3686 natura
1181 3623 1228 3685 rei
1250 3627 1374 3707 pugnat
1397 3629 1429 3686 et
1453 3645 1527 3688 cum

331 3732 418 3794 vitae
448 3748 517 3792 usu.
556 3725 664 3792 Satius
693 3735 741 3792 est
763 3726 897 3791 Libanio
921 3747 1016 3791 suum
1040 3746 1176 3792 errorem
1200 3727 1377 3811 relinquere
1402 3749 1438 3794 ao
1461 3750 1528 3795 me·

332 3836 464 3904 misisse
494 3835 561 3898 iam
591 3832 669 3898 olim
692 3832 837 3898 Platonis
861 3831 992 3898 Codices
1014 3833 1139 3898 mendis
1163 3835 1261 3898 etium
1285 3835 1457 3920 perineptis
1479 3839 1528 3900 iu·
1643 3863 1644 3882 ι

333 3940 480 4025 quinatos
515 3937 621 4004 luisse.
670 3937 769 4005 Vetus
799 3937 881 4004 liber
910 3959 1055 4024 perrosus
1086 3939 1163 4004 haee
1198 3933 1325 4004 tantum
1359 3941 1523 4007 servabat:
1643 3999 1644 4034 p

333 4047 369 4108 Ἐ
380 4045 399 4083 *
411 4052 513 4108 TA1c
526 4043 545 4081 *³
557 4043 577 4081 *
588 4043 608 4081 *
621 4051 769 4120 λΛΑΙΟ,
790 4043 874 4127 quod
893 4047 998 4109 nescio
1018 4047 1090 4129 quis
1110 4047 1257 4130 imperite
1270 4045 1410 4130 explevit
1423 4047 1524 4135 “Ε(ιιῖ)

333 4159 435 4215 ense
459 4149 682 4235 (κεφαλαια
705 4169 762 4232 pro
786 4150 865 4229 uo)
888 4145 989 4214 unic
1015 4149 1241 4235 (crunnum
1266 4151 1487 4234 περιφέρουσιν.

732 4313 838 4395 ’Ἄξιον
861 4333 1119 4381 munusculum.

374 4465 525 4536 Solebam
559 4465 638 4532 olim
673 4465 804 4534 lectores
835 4469 863 4534 si
895 4467 971 4554 quid
1002 4471 1086 4534 inter
1114 4466 1289 4555 legendum
1322 4469 1526 4572 ¹vehementer
