3296 5104
879 363 940 418 mi

311 539 422 627 itaque
451 535 508 605 alii
538 536 637 604 stulte
660 536 737 624 dacia
761 531 992 626 delegabant,
1017 537 1101 606 alius
1119 539 1248 606 σοοσεσίι
1271 539 1393 608 scilieet
1420 537 1503 606 iseo

312 657 367 734 οῐς.
412 657 497 728 'luto
527 658 649 726 lutabat
678 655 826 742 ‘Appiam
859 659 944 746 quod
975 659 1061 747 apud
1085 658 1287 749 Hesychium
1311 667 1344 730 et
1366 662 1446 731 alios
1469 664 1506 728 in

311 782 420 849 ‘Assia
443 781 652 869 depravatum
676 785 734 848 est.

358 903 504 974 &cunda
518 923 658 992 persona
676 903 848 972 verborum
871 904 906 967 in
929 939 950 952 ·
962 925 1037 982 ομοι
1057 904 1142 990 apud
1160 904 1407 973 Demosthenem
1428 927 1506 994 quc-

313 1047 375 1114 que
407 1028 458 1114 (ut
491 1026 577 1114 apud
611 1046 721 1093 omues
754 1025 958 1114 antiquiores)
989 1027 1024 1091 in
1051 1061 1075 1088 .-
1089 1034 1127 1091 el
1159 1027 1275 1094 exibat.
1323 1025 1505 1096 sexcenties

312 1153 459 1236 corrupta
481 1150 515 1215 in
539 1184 560 1197 -
572 1157 614 1213 Hl
640 1152 748 1213 ιειιιοιι
771 1145 968 1232 saepiuscule
990 1150 1025 1212 in
1046 1145 1071 1213 S
1093 1167 1169 1217 vera
1186 1148 1289 1216 forma
1307 1151 1340 1216 in
1363 1173 1421 1216 -ει
1441 1171 1505 1218 ser·

312 1275 389 1341 mcc
410 1273 468 1337 ast.
514 1267 698 1336 Dindorfius
718 1289 803 1334 nunc
825 1267 955 1355 quidem
979 1266 1055 1335 lecit
1077 1269 1160 1356 quod
1182 1272 1217 1336 in
1239 1269 1299 1338 tali
1321 1292 1356 1338 re
1378 1292 1504 1359 semper

313 1397 363 1459 ees
384 1391 579 1460 resecem.
627 1372 691 1456 css
715 1388 816 1456 semel
837 1392 867 1456 er
890 1391 1034 1456 oestrus
1053 1389 1300 1458 Demosthenem
1320 1391 1372 1460 nn
1390 1392 1504 1460 feren

311 1534 378 1582 esse
401 1534 498 1580 usum
520 1533 573 1579 aas
595 1513 714 1598 ubique
736 1513 889 1578 restituit.

356 1634 488 1703 Ostendi
519 1632 688 1722 aliquando
718 1633 836 1701 formas
866 1637 990 1700 veteres
1020 1631 1116 1717 ήμει,
1150 1632 1501 1719 defetiscentiam

309 1779 368 1825 ιοοιι
398 1756 506 1844 otique
528 1755 676 1822 inlibris
697 1776 765 1822 esse
788 1760 950 1842 corruptas
972 1757 1007 1821 in
1030 1756 1140 1838 ήεςοεν,
1165 1758 1235 1840 ήετε
1259 1763 1291 1824 et
1313 1759 1423 1841 ήεσοιο,
1445 1759 1502 1828 vel

308 1882 343 1948 ln
365 1875 456 1960 ἦμεν,
483 1875 537 1955 ήτε
559 1883 592 1944 et
615 1873 703 1953 ήσοον.
749 1873 931 1943 Dindorfius
952 1877 1036 1944 vidit
1053 1877 1088 1944 id
1107 1899 1174 1944 esse
1196 1901 1310 1946 verum
1330 1885 1363 1946 et
1380 1881 1502 1968 ubique

290 2022 407 2070 usum
430 2003 599 2088 antiquum
620 2002 799 2079 revocavit,
824 1999 879 2066 sed
901 1998 987 2065 idem
1010 2001 1045 2066 in
1064 1999 1152 2087 aliis,
1172 2002 1229 2067 ubi
1247 2001 1358 2069 οοᾶοιιι
1378 2007 1427 2070 est
1444 2012 1500 2080 τῆς

310 2124 484 2204 ἀντιλογίας
523 2121 735 2208 centesima,
770 2119 956 2188 instabilem
986 2126 1019 2188 et
1047 2122 1168 2190 fluxam
1198 2125 1374 2192 scribarum
1404 2123 1502 2192 fidem

309 2247 464 2333 sequitur.

355 2365 391 2434 Si
418 2369 490 2453 quis
512 2368 659 2454 ingentes
681 2365 931 2452 discrepantium
954 2368 1184 2453 scripturarum
1209 2389 1336 2436 acervos
1358 2370 1501 2458 undique

308 2492 475 2576 congestos
495 2487 598 2554 obiter
616 2489 822 2574 spectaverit,
843 2486 936 2554 facile
955 2488 1086 2555 inducat
1104 2492 1139 2556 in
1150 2493 1295 2558 mimum
1307 2494 1499 2560 immensam

308 2627 376 2676 esse
406 2610 488 2676 hanc
517 2608 691 2676 lectionum
718 2608 962 2676 multitudinem
984 2616 1017 2677 et
1039 2610 1199 2679 infinitam
1223 2617 1368 2701 copiam,
1394 2615 1449 2683 sed
1471 2618 1501 2682 si

307 2730 369 2798 hoc
409 2733 513 2821 egerit
550 2732 700 2824 continuo
730 2731 895 2818 apparebit
928 2732 1038 2799 eadem
1073 2735 1193 2821 ubique
1227 2736 1384 2803 scribendi
1418 2739 1501 2805 vitis

308 2855 482 2920 sexcenties
504 2853 590 2940 apud
612 2872 723 2920 omues
746 2873 812 2919 osse
834 2856 971 2940 repetita
993 2858 1025 2920 et
1047 2854 1271 2944 plerorumque
1290 2857 1414 2924 nullam
1433 2879 1501 2925 ome

307 2977 384 3042 nino
413 2977 570 3042 rationem
599 2975 711 3042 haberi
738 2979 890 3061 oportere.
938 2975 1089 3056 Μοριοικος
1120 2980 1171 3066 (ιιι
1200 2981 1261 3048 hoc
1294 2985 1380 3063 utar)
1415 2983 1500 3070 apud

308 3115 419 3164 omnes
437 3097 552 3164 iisdem
575 3096 680 3163 modis
701 3100 851 3184 peccatur
871 3099 906 3162 in
930 3101 1207 3168 terminationibus
1225 3103 1406 3170 verborum.
1454 3103 1500 3170 Ut

307 3219 343 3285 in
371 3239 435 3285 nno
463 3219 559 3287 verbo
589 3217 683 3305 quale
712 3218 747 3284 id
776 3221 819 3285 sit
850 3220 1032 3300 ostendam,
1064 3221 1147 3288 nulli
1176 3228 1252 3289 sunt
1277 3221 1408 3292 Codices
1430 3229 1500 3292 tam

308 3341 433 3428 antiqui
455 3346 489 3408 et
510 3341 586 3408 boni
609 3340 666 3407 ubi
685 3359 749 3407 nou
771 3343 910 3408 intense
933 3342 1048 3410 stolide
1070 3348 1321 3432 permisceantur

490 3470 587 3538 ποιεῖς
605 3497 647 3512 -
662 3471 760 3547 ποιής.
785 3469 892 3537 ποιοῖς.
917 3465 1042 3542 ποιοίης.

465 3591 631 3650 -ποιεῖ-
650 3593 732 3668 ποιῇ.
757 3592 846 3653 ποιοῖ.
873 3587 982 3663 ποιοίη.

490 3709 574 3772 ποιεῖ
594 3706 745 3794 (secunda
766 3706 910 3798 ροσεοιιι)
930 3743 971 3760 -·
988 3719 1071 3795 ποσή.
1097 3719 1204 3787 ποιεῖς.

490 3827 671 3903 ποιήσει-
687 3827 808 3912 ποιήσή.
832 3829 969 3907 ποιήσοι.
993 3832 1137 3910 ποιήσειε.

491 3947 633 4026 ποιήσετε
651 3984 693 4000 -
711 3951 875 4032 ποιήσητε,
900 3952 1072 4028 ποιήσοιτο.

490 4071 646 4148 ποιήσουσι
664 4109 706 4123 -
723 4074 879 4150 ποιήσωσι.

351 4189 509 4262 Similiter
529 4194 564 4259 in
585 4193 790 4275 ποιησόμεθα,
816 4196 996 4277 ποιήσεσθε,
1020 4198 1204 4292 τοιήσοιτοοι.

486 4315 659 4392 ποιήσετΑΙ
676 4351 720 4368 -·
740 4316 903 4394 ποιήσετε.
928 4311 1101 4396 ποιήσαιτε.

484 4439 685 4518 ποιήσοντες.
710 4449 916 4521 ποιήσομειοι
934 4479 977 4493 -·-
994 4433 1195 4520 ποιήσΑοτες.
1220 4455 1437 4538 ποιήσΑμειοι.
