3342 5080
909 335 975 414 566

346 533 444 616 νόμων
473 535 580 604 διίιαιοί
609 537 689 618 έςιν,
722 537 777 603 sed
807 537 966 605 addideris
994 538 1067 619 μετ’
1097 540 1172 620 ἐμοῦ
1204 540 1247 607 πόι
1277 540 1384 608 δίκαια
1416 535 1536 624 ἐσχνροό
1667 575 1668 596 ι

345 645 408 714 έςιν
432 645 567 712 absurda
589 649 622 711 et
643 665 736 710 seusu
760 664 847 710 oassa
868 645 970 712 exibit
991 649 1103 713 oratio.
1301 687 1302 692 ι

391 751 514 818 Eadem
545 756 612 818 erat
638 750 775 818 Dobraei
795 755 952 818 sententis
971 759 1143 840 praeeunte
1165 753 1316 842 Tayloro:
1339 755 1429 821 idem
1451 753 1540 821 uidit

346 864 502 926 corrector
523 858 649 926 Oodiois
670 868 709 924 A.
734 859 790 926 sed
811 859 956 926 Editoros
977 882 1041 927 non
1064 862 1210 929 audiunt.

387 1137 469 1225 Pag.
501 1131 579 1201 771.
613 1132 644 1198 5.
671 1133 696 1198 οί
720 1129 895 1208 διιιοίσοντες
919 1134 1006 1214 ὑμεῖς
1030 1132 1121 1211 ι’ἰιιετε
1145 1136 1268 1210 μᾶλλον
1291 1137 1376 1212 ἡμῶν
1399 1141 1459 1200 τῶν
1479 1159 1535 1200 ιια-

343 1243 479 1324 τηγόρων
502 1238 615 1312 είδότεο
634 1247 707 1304 ΚΑΙ
728 1238 895 1319 ὀφείλοντα
914 1241 956 1320 τῷ
976 1238 1108 1321 δημοσίῳ
1129 1244 1234 1306 τοῦτον
1254 1250 1326 1306 ΚΑΙ
1346 1241 1535 1323 ἐγγεγραμ-

343 1351 432 1433 μένον
457 1349 487 1414 έν
511 1343 675 1426 ἀκροπόλει
697 1353 770 1409 ΚΑΙ
794 1347 847 1411 οὐκ
870 1344 936 1422 έξδν
959 1347 1044 1427 αὐτῷ
1068 1345 1181 1427 λέγειν.
1218 1345 1266 1413 De
1285 1348 1389 1414 tribus
1409 1347 1535 1435 oopulis

343 1478 408 1525 una
432 1459 480 1522 est
501 1455 619 1520 vitiosa
641 1455 673 1517 et
696 1451 914 1540 expungenda.
949 1450 1100 1518 Reislrius
1122 1455 1252 1520 tertiam
1274 1457 1407 1534 eximit,
1436 1477 1535 1542 quem

343 1561 488 1631 Dindorf.
511 1561 664 1645 sequitur.
700 1555 763 1623 Sed
786 1557 941 1624 eoloeoam
966 1561 1142 1625 orationem
1164 1559 1286 1627 faciunt
1305 1565 1535 1650 coniungentes

343 1673 388 1736 sio
411 1667 585 1734 necessario
608 1663 720 1736 είδότες
744 1669 848 1729 τοῦτον
872 1665 978 1742 λέγειν
997 1686 1054 1752 pro
1074 1663 1221 1744 λέγοντα.
1268 1664 1467 1751 Expellenda
1486 1671 1535 1732 est

344 1773 481 1843 secunda
512 1776 544 1838 et
573 1773 619 1836 sio
648 1769 867 1836 scribendum:
899 1770 1011 1845 είδότες
1043 1771 1096 1837 καὶ
1129 1772 1297 1855 ὀφείλοντα
1328 1771 1370 1851 τῷ
1400 1770 1533 1854 δημοσίῳ

343 1887 449 1951 τοῦτον
479 1875 740 1958 ἐγγεγραμμένον
771 1877 802 1940 ἐν
831 1876 994 1956 οέκροπόλει
1025 1877 1077 1943 καί
1113 1879 1167 1943 οὐκ
1201 1879 1267 1956 ἐξδν
1296 1878 1382 1958 αὐτῷ
1415 1877 1533 1956 λέγειν.

343 1989 427 2055 Ordo
458 1991 506 2052 est
535 1983 649 2056 εέδότεο
673 1987 779 2048 τοῦτον
801 1983 1063 2064 ἐγγεγραμμένον
1087 1984 1254 2066 ὀφείλοντα
1277 1986 1320 2050 τῶ
1344 1984 1478 2064 δημοσίῳ
1502 1989 1534 2050 et

344 2095 456 2168 είδότες
488 2092 542 2157 οὐκ
573 2087 639 2166 έξόν
670 2091 753 2170 αὐτῷ
788 2089 904 2168 λέγειν.
950 2089 1051 2156 Reota
1086 2093 1186 2156 oratio
1221 2096 1269 2156 est
1303 2089 1531 2170 ἐγγέγραπται
1667 2153 1668 2196 1

343 2201 476 2286 ὀφείλων
498 2199 541 2279 τῷ
565 2197 697 2277 δημοσίῳ
722 2199 776 2260 καί
801 2197 854 2260 οὐκ
878 2193 976 2268 έέεςιν
999 2199 1083 2279 αὐτῷ
1106 2197 1225 2282 λέγειν,
1247 2197 1302 2263 sed
1324 2197 1382 2263 ubi
1404 2198 1451 2264 sie
1470 2197 1532 2264 duo
1667 2197 1668 2202 ’

342 2307 512 2397 partieipia
543 2306 734 2370 oonourrunt
764 2303 1022 2382 ἐγγεγραμμένος
1053 2302 1203 2382 ὀφείλων,
1235 2307 1273 2368 ut
1295 2305 1391 2369 modo
1414 2305 1456 2370 ad
1481 2305 1532 2369 {li

342 2421 516 2481 ιιιοονιιόοοιιι
546 2410 746 2486 notavimus,
777 2410 928 2495 magistri
958 2415 1015 2475 aut
1044 2410 1099 2475 καί
1129 2415 1185 2476 aut
1209 2409 1241 2475 δέ
1263 2412 1472 2497 interponunt
1494 2411 1534 2478 de

343 2543 412 2589 suo.
460 2517 534 2583 Mos
563 2520 630 2581 erat
661 2519 699 2579 ut
730 2534 840 2579 eorum
870 2517 926 2599 qui
947 2513 1015 2581 fisoi
1037 2515 1196 2583 debitores
1217 2522 1321 2582 essent
1342 2520 1476 2584 nomina
1498 2520 1534 2584 in

340 2625 452 2695 tabule
482 2622 591 2711 lignea
621 2621 707 2709 (pag.
741 2617 819 2687 791.
856 2619 911 2708 11)
941 2623 976 2686 in
999 2641 1069 2688 aree
1091 2624 1195 2709 posita
1218 2623 1263 2702 (έν
1286 2623 1452 2703 ὀκροπόλει
1476 2630 1534 2690 aut

340 2733 428 2813 erepat
458 2737 497 2812 τῇ
529 2729 583 2809 θεῷ
615 2747 690 2814 pag.
723 2723 799 2793 778.
833 2725 889 2814 15)
920 2734 1186 2814 proponerentur,
1220 2728 1318 2816 idque
1352 2729 1535 2816 appelletur

341 2835 568 2920 έγγέγραπταί
598 2857 644 2904 τις
673 2832 804 2912 ὀφείλων
827 2834 869 2914 τῷ
895 2832 1037 2914 δημοσίιρ.
1084 2833 1197 2921 Itaque
1217 2835 1335 2921 triplex
1357 2837 1434 2903 bino
1457 2843 1535 2904 nata

341 2952 389 3014 est
419 2943 570 3011 orationis
600 2939 703 3006 forma
735 2944 791 3005 aut
823 2938 1044 3020 ἐγγέγραπται
1076 2941 1208 3022 ὀφείλων
1242 2944 1285 3024 τῷ
1316 2941 1453 3026 δημοσίω
1475 2949 1534 3010 aut

340 3051 460 3134 ὀφείλει
484 3048 525 3129 τῷ
550 3045 681 3126 δημοσίῳ
706 3051 762 3111 aut
780 3045 1022 3131 ἐγγέγραπται,
1042 3052 1080 3112 ut
1096 3068 1173 3137 pag.
1197 3045 1273 3115 791.
1296 3048 1349 3115 23.
1374 3049 1533 3116 Dicebant

340 3161 439 3227 etiam
471 3151 693 3232 ἐγγέγραπται
725 3172 798 3216 eum
830 3155 1010 3219 accusativo
1033 3153 1128 3218 debiti
1149 3178 1289 3220 ιιιιιιοιοιιι
1311 3155 1531 3244 signifioante‚

336 3271 375 3330 ut
408 3282 482 3350 pag.
518 3256 595 3326 791.
632 3254 685 3322 19.
720 3258 746 3322 οί
781 3258 925 3339 δραχμέην
960 3259 1216 3340 ἐγγεγραμμένοι
1249 3260 1354 3340 μόνην.
1388 3264 1446 3329 sed
1476 3264 1529 3329 καὶ

338 3369 457 3452 ὀφείλει
481 3367 523 3447 τῷ
547 3362 679 3444 δημοσίῳ
703 3363 754 3428 καί
781 3363 1002 3446 ἐγγέγραπται
1027 3367 1058 3430 έν
1080 3367 1243 3447 οόιιροπόλει
1266 3371 1383 3436 vitiose
1402 3370 1528 3436 dictum

337 3483 385 3544 est
416 3474 567 3561 quoniam
597 3490 776 3555 numquam
805 3470 865 3536 hoe
895 3473 963 3537 sine
994 3469 1052 3537 illo
1083 3476 1218 3561 eogitari
1240 3479 1346 3561 potest
1368 3479 1402 3540 at
1424 3498 1529 3544 nones-

337 3585 420 3651 sario
445 3580 459 3644 ὀ
482 3583 540 3657 μὲν
562 3576 693 3659 ὀφείλων
717 3573 955 3663 ἐγγέγραπται,
980 3577 994 3641 ὀ
1018 3577 1043 3643 δ’
1065 3579 1326 3662 ἐγγεγραμμένος
1349 3581 1481 3663 ὀφείλει.

383 3836 466 3923 Pag.
501 3831 576 3901 771.
607 3831 662 3898 26.
694 3833 746 3897 τὸν
775 3831 823 3898 oiri
850 3833 1037 3913 βονλόμενον
1057 3831 1135 3900 εἶναι
1159 3837 1282 3919 πονηρὸν
1305 3840 1526 3921 παιδοτριβεῖν.

336 3941 567 4029 Popularitatis
596 3959 706 4004 amans
736 3955 915 4006 amburens
937 3940 1052 4006 multis
1074 3941 1238 4010 vocabulis
1259 3947 1367 4010 utitur
1389 3967 1430 4014 ex
1453 3968 1527 4034 quo

336 4051 458 4116 tidiono
489 4049 611 4112 civium
642 4067 785 4112 sermone
812 4049 945 4121 sumtis.
970 4049 1086 4134 quibus
1109 4049 1340 4118 Demosthenes
1363 4051 1526 4120 fastidiose

338 4156 486 4222 abstinet.
533 4151 625 4218 Talia
654 4156 728 4217 sunt
757 4152 967 4232 παιδοτριβεῖν
997 4175 1053 4240 pro
1085 4159 1193 4221 οόσιιεῒν
1221 4177 1296 4245 pag.
1329 4154 1407 4224 772.
1434 4158 1466 4224 6.
1489 4155 1528 4224 ιδν

337 4261 430 4338 μέσοι
474 4257 525 4322 καί
561 4267 740 4330 τελευταῖος
777 4259 829 4323 καί
866 4259 980 4339 πρῶτός
1017 4262 1079 4329 έςιν
1112 4257 1210 4335 οὗτος.
1246 4284 1320 4352 pag.
1358 4262 1436 4332 778.
1474 4263 1524 4332 17.

339 4362 628 4444 ἀπεσχοινισμένος,
661 4383 735 4452 pag.
771 4361 847 4430 782.
881 4364 935 4431 25.
967 4365 1241 4448 διαθαπτίζεσόοιι.
1269 4390 1343 4457 pag.
1371 4368 1447 4438 784.
1472 4369 1525 4438 22.

339 4469 519 4541 ἀνασείσας.
539 4489 613 4558 pag.
635 4468 711 4538 785.
735 4470 766 4536 5.
787 4470 975 4554 μοσχεύητε.
996 4493 1072 4562 pag.
1089 4471 1234 4542 78824.
1254 4475 1523 4562 τεταριχευμένα.
