3308 5090
356 1165 414 1238 oe
438 1163 630 1240 melane
656 1162 963 1241 tamensem
989 1163 1154 1240 coeloe

440 1313 676 1390 stennone
701 1313 851 1412 noane
875 1267 1099 1392 oaeneon.

614 1631 895 1666 ψ

202 1909 397 1997 anerrimo
427 1930 524 1995 prope
549 1908 688 1975 Romam
710 1913 836 1993 reperta
857 1915 933 1975 eunt
955 1909 1033 1976 folia
1056 1910 1212 1995 quaedam
1236 1911 1351 1997 palim-

156 2023 264 2102 paeeta
287 2018 469 2103 perantiqui
492 2011 619 2082 Oodioie
640 2012 843 2081 Straboniani
865 2014 983 2080 litteris
1006 2015 1187 2082 uncialibus
1211 2020 1349 2096 exarati,

156 2123 197 2189 de
226 2143 290 2210 qno
318 2121 472 2189 nonnulle
500 2121 613 2187 retulit
644 2136 798 2186 eloennen
830 2138 930 2186 oonna
957 2121 1133 2188 monaahue
1170 2121 1350 2188 Basilianne

155 2231 193 2296 in
214 2227 327 2295 libello
350 2230 502 2314 inaoripto
527 2227 631 2306 „Dece
656 2226 754 2290 antico
781 2227 885 2292 Oodioe
908 2229 990 2292 dello
1011 2227 1197 2310 oeoqraptia
1216 2229 1250 2291 di
1269 2228 1350 2292 tirn-

156 2337 231 2400 hone
251 2341 383 2421 mpero
405 2334 455 2398 aei
480 2333 650 2400 Potinwesti
672 2333 753 2397 dello
777 2333 878 2398 Badio
900 2335 934 2398 di
959 2331 1210 2419 Grottoferrato.'’
1235 2332 1350 2400 Perve-

156 2443 207 2508 nit
230 2445 264 2507 in
287 2461 377 2506 meae
399 2461 514 2506 menna
536 2438 667 2506 libellus
691 2459 791 2524 qnnm
814 2445 901 2506 totue
923 2461 1025 2506 eseam
1048 2442 1083 2504 in
1106 2438 1269 2506 Strabonis
1288 2439 1349 2506 lee-

156 2549 244 2614 tione
275 2553 308 2614 et
338 2546 574 2624 emendatione,
607 2549 640 2610 et
666 2566 739 2610 eane
771 2567 924 2634 magnam
954 2547 1037 2612 mihi
1064 2548 1168 2613 movit
1190 2550 1349 2632 exspecta-

156 2655 297 2732 tionem,
321 2653 376 2719 aad
399 2652 519 2734 (dicam
543 2654 630 2716 enim
653 2650 785 2716 candide
807 2657 840 2717 ot
861 2651 961 2718 libare
984 2651 1068 2737 quod
1091 2653 1206 2732 sentio)
1227 2672 1347 2739 magna

156 2781 212 2846 epe
235 2761 358 2838 excidi,
381 2779 519 2845 namque
542 2755 689 2839 ἄνθρακες
714 2760 787 2835 ἡμῖν
812 2757 825 2821 t
850 2756 995 2837 θησαυρὸς
1020 2756 1230 2840 ἀναπέφηνεν.

202 2866 362 2952 Equidem
390 2865 555 2930 Editorem
583 2879 737 2930 elusam
767 2880 866 2930 oozza
897 2862 1016 2928 bonum
1039 2865 1146 2929 virum
1172 2869 1204 2929 et
1226 2865 1346 2930 bonum

157 2973 352 3038 monaahum
382 2992 449 3038 esee
476 2971 588 3037 lubens
611 2968 720 3046 oredo,
744 2968 799 3035 aed
821 2971 1046 3034 immemorem
1068 2990 1143 3034 eum
1165 2990 1231 3036 eeee
1254 2971 1346 3038 video

158 3082 275 3144 veteris
298 3077 476 3166 proverbii:

340 3180 413 3265 ἕρδον
436 3207 483 3257 τις
508 3181 542 3259 ἣν
565 3179 675 3255 team
700 3180 789 3254 εἰδείη
813 3180 946 3264 τέχνην.

339 3313 423 3376 quom
444 3290 568 3376 qaieqae
590 3289 671 3354 norit
694 3296 784 3354 artem
807 3289 841 3354 io
864 3289 918 3353 tae
939 3310 971 3353 ee
994 3297 1133 3355 exerceat.

200 3397 301 3463 Plane
331 3398 416 3462 enim
443 3399 549 3482 impar
571 3403 604 3462 et
625 3397 803 3482 imparatae
827 3395 867 3462 ad
890 3395 968 3461 haeo
1002 3394 1109 3462 studia
1132 3398 1264 3463 aooeeeit
1296 3397 1346 3484 (ut

157 3502 234 3570 olim
267 3520 449 3568 mammam
478 3501 580 3568 illotis
610 3502 759 3567 manibus
791 3501 1012 3587 Anatophanie
1042 3498 1193 3568 Oodioem
1223 3483 1347 3571 Raven-

157 3615 263 3676 natem
288 3591 526 3696 contrectavit),'
542 3629 644 3694 neque
667 3612 795 3673 tantum
819 3605 940 3674 Graece
962 3610 1120 3674 nonsatis
1140 3612 1262 3694 peritus
1281 3616 1346 3691 eet,

158 3717 211 3782 aad
243 3715 408 3781 indicandi
436 3715 475 3780 de
505 3714 556 3780 hie
587 3714 682 3780 rebus
712 3713 899 3780 facultatem
928 3713 1053 3779 nullam
1082 3714 1188 3780 habet.
1235 3716 1273 3781 In
1307 3719 1348 3783 iie

157 3843 236 3908 qnae
260 3842 299 3888 ex
322 3842 386 3887 nno
409 3821 571 3906 alteroque
594 3820 671 3886 solio
695 3817 822 3887 Oodioie
844 3820 1010 3906 descripsit
1032 3839 1094 3886 non
1118 3827 1246 3887 tantum
1265 3823 1348 3890 nihil

159 3911 223 3996 tere
252 3933 302 3994 eet
332 3928 415 4014 qnod
445 3924 595 3994 Straboni
624 3929 743 4013 prosit.
774 3926 829 3993 sed
860 3927 975 3992 menda
1007 3931 1074 3992 tam
1098 3927 1203 3993 multa
1224 3935 1256 3994 et
1280 3935 1348 3998 tam

158 4037 264 4121 inepte
293 4037 404 4100 ineunt
435 4039 472 4098 ut
493 4034 553 4100 tali
577 4033 699 4100 auxilio
722 4055 827 4100 carere
848 4036 891 4100 eit
913 4031 1040 4099 melina.
1088 4033 1194 4118 Atque
1214 4035 1292 4102 haee
1316 4059 1349 4104 ee

159 4143 192 4206 in
219 4141 327 4207 luoam
362 4139 452 4206 edere
484 4140 595 4205 scribit
626 4138 751 4223 „percha
769 4141 822 4204 dal
844 4141 922 4204 clero
944 4139 974 4203 a
998 4138 1094 4204 Italia
1115 4139 1144 4202 ei
1166 4163 1348 4212 concorreaee

159 4249 249 4312 anche
280 4269 335 4312 eoa
364 4227 466 4333 queeta
491 4246 642 4329 eiayolare
670 4245 773 4311 novat
805 4247 868 4311 nlla
886 4246 1036 4330 proeeima
1059 4245 1250 4328 Eepoeieioao
1276 4251 1349 4316 Geo-

155 4353 298 4439 yraptioa
329 4353 474 4417 monetale
506 4352 540 4416 di
571 4351 708 4434 Paoe'yiss'
755 4351 791 4418 Si
821 4352 899 4439 quid
929 4350 981 4417 illi
1011 4349 1187 4418 oredimus:
1226 4365 1349 4442 „questa

156 4466 286 4544 cooperta
318 4457 411 4525 dovre
441 4479 517 4523 eaeer
540 4459 673 4524 salutata
696 4480 773 4526 come
795 4482 855 4525 νιννο
879 4459 929 4526 dei
945 4455 1004 4543 piei
1029 4455 1124 4522 notite·
1146 4462 1274 4546 aequitii
1290 4487 1349 4548 per
