3356 5084
901 379 968 451 514

521 573 597 641 οὕτω
617 551 684 655 1νόιρ
708 575 782 651 ἡμῖν
806 572 937 650 ἡπόλις
960 570 1085 652 μόλιςοι
1110 575 1169 642 σῶς
1193 567 1232 633 διν
1255 563 1312 640 sin.

339 687 388 749 ct:

522 789 539 862 ἡ
563 785 654 868 μῶζα
677 785 741 865 νόιρ
765 791 823 858 σῶς
846 783 898 849 καὶ
924 784 958 849 τό
982 781 1072 862 κρέας
1095 783 1143 860 χῶ
1167 777 1315 861 κάραβος.

386 893 529 959 'turbant
559 895 593 956 in
624 892 674 956 his
703 889 840 969 librarii,
867 891 922 956 sed
944 888 1035 954 nulla
1057 889 1096 954 de
1119 892 1266 955 vetemm
1287 905 1348 951 usu
1372 883 1533 949 dubitatio

339 1003 396 1063 ast.
443 997 480 1062 In
509 995 671 1063 nonnullis
700 995 792 1062 h'bris
823 1001 855 1061 et
884 999 920 1060 in
950 994 973 1060 S
1004 1015 1024 1059 a
1054 996 1159 1080 prima
1180 1014 1280 1058 manu
1302 993 1460 1076 scriptum
1484 993 1534 1053 est

339 1110 415 1182 τῶν,
448 1104 531 1188 quod
564 1102 790 1188 reponendum.
838 1103 917 1190 Pag.
944 1100 1048 1184 1293.
1080 1099 1135 1165 26.
1161 1101 1178 1173 ἡ
1201 1103 1276 1171 ναῦς
1300 1097 1455 1162 σέσωσται
1479 1093 1532 1158 καὶ

340 1208 384 1276 ἔτι
417 1213 486 1281 σῶς.
515 1207 689 1295 legendum
712 1209 729 1282 ἢ
753 1213 828 1280 ναῦς
854 1213 911 1282 σῶς
936 1207 1016 1280 ἕτίν,
1041 1211 1078 1271 ut
1100 1203 1209 1292 paullo
1231 1209 1304 1270 onte
1326 1224 1403 1290 pag.
1432 1198 1532 1266 1292.

341 1314 446 1379 Utilia
476 1313 515 1378 de
544 1314 603 1379 hac
633 1334 666 1378 re
697 1317 822 1381 notarit
847 1313 991 1379 Dindorf.
1016 1312 1056 1377 ad
1078 1330 1153 1398 pag.
1179 1308 1232 1374 61.
1259 1307 1302 1373 14
1325 1311 1359 1372 in
1381 1307 1533 1372 Editione

342 1420 465 1485 minore
487 1417 614 1504 Lipsiae
641 1419 738 1485 1855.

387 1624 469 1712 Pag.
502 1623 579 1692 572.
616 1625 668 1689 14.
703 1621 737 1700 ἦν
759 1625 788 1690 δ’
811 1622 894 1699 οὗτος
920 1627 933 1690 ό
955 1629 1009 1690 τοῦ
1034 1623 1183 1704 βελτίςου
1204 1623 1307 1702 πατὴρ
1330 1621 1532 1701 Χαρικλείδου

343 1735 397 1796 τοῦ
422 1728 583 1810 ἄρξαντος.
630 1731 753 1797 Notum
777 1737 825 1796 cst
847 1734 881 1796 in
903 1732 1037 1797 historia
1058 1751 1174 1796 nomen
1195 1731 1270 1814 quic
1291 1727 1341 1792 ἐπὶ
1366 1729 1534 1808 Χαρικλεί-

345 1837 395 1901 δου
426 1836 575 1917 ἄρχοντος
607 1841 777 1902 commissa
803 1843 851 1902 cst
873 1836 1073 1903 nobilissima
1094 1855 1204 1923 pugna
1225 1833 1310 1919 apud
1331 1833 1534 1900 Mantineam

342 1963 423 2008 anno
455 1940 520 2008 362
547 1963 656 2008 mense
679 1943 771 2008 Iunio
793 1953 832 2025 τῇ
855 1941 1009 2024 δοδειιιίτρ
1033 1947 1086 2007 τοῦ
1112 1945 1354 2021 Σκιροφοριῶνος.
1399 1938 1534 2003 Plutar-

343 2049 421 2113 chus
453 2049 522 2134 (aut
551 2050 744 2132 quicumque
774 2049 853 2113 citae
882 2060 908 2113 X
940 2055 1089 2112 oratorum
1119 2044 1360 2132 consarcinavit)
1383 2048 1419 2109 in
1441 2043 1533 2109 Pluc

345 2154 460 2217 Μοσοί.
491 2173 564 2240 pag.
597 2151 673 2218 845.
700 2173 730 2218 ιι.
754 2155 802 2218 ita
824 2155 950 2219 scribit:
980 2154 1165 2238 „Xenophon
1185 2152 1267 2217 novit
1290 2151 1535 2226 Demosthenem

318 2343 320 2348 Α
346 2261 387 2339 τῷ
419 2259 475 2334 μὲν
499 2259 562 2338 ybs
585 2259 627 2323 τόι
649 2260 818 2334 Ἑλληνικόν
842 2260 978 2325 ἐτελεῖτο
1002 2261 1045 2332 είς
1069 2262 1112 2324 τό
1136 2258 1203 2339 περὶ
1227 2261 1282 2334 τίον
1305 2260 1336 2322 ἕν
1358 2259 1536 2340 Μαντινείᾳ

344 2363 470 2445 μόχιρν,
501 2364 640 2442 ἄρχοντα
675 2365 707 2429 δὲ
738 2366 950 2445 Χαρικλείδην,
983 2367 997 2429 ό
1026 2366 1056 2429 δὲ
1082 2367 1221 2446 πρότερον
1245 2364 1294 2428 ἐπὶ
1318 2361 1534 2444 Τιρκοκροίτους

345 2465 408 2534 εἷλε
426 2471 495 2541 τοὺς
516 2469 705 2550 ἐπιτρόπους.
737 2469 942 2556 Legendum:
963 2473 977 2536 ό
998 2470 1025 2535 δ’
1041 2470 1157 2536 '‘eTel
1178 2469 1332 2554 πρότερον,
1354 2492 1434 2534 caco
1453 2477 1532 2534 onte.

388 2575 474 2642 Nam
496 2592 696 2641 uuroossnns
720 2572 805 2655 iota
829 2575 959 2663 Olymp.
983 2576 1058 2642 104.
1085 2576 1113 2642 1.
1139 2597 1220 2642 anno
1244 2575 1313 2664 333.

495 2698 706 2746 cnsarcmnns
728 2680 858 2767 Olymp.
885 2681 960 2746 104.
984 2682 1018 2749 2.
1045 2703 1125 2749 anno
1151 2681 1221 2766 33}-

388 2791 501 2873 Itaque
523 2808 590 2864 res,
616 2807 713 2871 quam
736 2791 844 2852 narrat
865 2786 1112 2866 Demosthenes,
1137 2787 1253 2854 accidit
1272 2788 1362 2852 annis
1383 2793 1535 2872 quatuor·

344 2897 448 2961 decim
471 2898 544 2958 ante
566 2913 663 2978 quam
684 2893 761 2958 haec
784 2894 995 2960 scriberentur
1020 2892 1208 2960 362-348.

388 3098 468 3187 Pag.
503 3099 579 3166 573.
611 3099 663 3165 21.
697 3105 742 3178 uir
765 3102 862 3167 τοίνυν
893 3102 947 3166 tac
978 3105 1035 3180 μὲν
1069 3103 1140 3184 siro
1170 3127 1217 3176 τις
1248 3101 1416 3182 παροίνομα
1440 3101 1533 3175 οὕτως

344 3204 530 3285 ὀργιζόμενοι
561 3206 726 3287 Φαίνεοόε,
758 3209 811 3272 εὀὶν
844 3207 874 3272 δὲ
906 3219 974 3290 ποιῇ
1008 3211 1067 3294 [μὴ
1101 3208 1193 3300 λέγῃ]
1231 3209 1336 3293 πρᾴοις
1371 3208 1533 3273 διοίκειοόε.

344 3310 478 3398 Frangit
508 3311 684 3396 insipidum
716 3313 971 3379 additamentum
995 3317 1201 3400 oppositionis
1222 3317 1292 3381 rim
1315 3321 1348 3380 et
1370 3313 1434 3381 loci
1457 3316 1535 3380 acri·

344 3420 486 3483 moniam
510 3437 649 3482 omnem.

390 3627 468 3694 Post
490 3647 590 3712 pauca
615 3625 691 3692 574.
719 3626 749 3690 l.
771 3626 835 3691 οὔτ’
859 3627 1002 3701 ε’λειίσετε
1024 3627 1089 3694 οὔτ’
1114 3631 1275 3710 ἀφήσετε,
1299 3629 1375 3694 ἀλλ’
1399 3631 1533 3696 οίποκτε-

328 3743 425 3799 νεῖτε
449 3735 466 3809 ἢ
489 3733 680 3811 οὶτιμῶσεσε,
703 3733 738 3796 in
760 3734 792 3796 S.
813 3735 969 3817 seriptum
993 3740 1041 3799 ost
1063 3734 1273 3800 οίποκτείνετε.
1307 3735 1389 3800 Tam
1412 3737 1533 3823 incogi-

345 3847 449 3907 tanter
471 3838 573 3906 solent
593 3841 628 3903 iu
650 3837 756 3906 vorbis
778 3837 943 3924 liquidatis
965 3839 1073 3906 futuro
1096 3861 1241 3926 praesens
1264 3840 1468 3907 substituere.

390 4050 471 4138 Pag.
496 4045 572 4114 574.
596 4046 650 4112 21.
674 4044 712 4111 ta
735 4047 832 4112 τοίνυν
857 4047 927 4126 ὑμῖν
952 4049 1066 4136 [όρόῶς]
1093 4048 1165 4130 ε’τίρ
1182 4059 1307 4116 σκοπεῖν
1326 4051 1436 4117 τούτου
1454 4067 1532 4125 τλη-

345 4159 439 4237 parba
469 4155 610 4235 εὑρήσετε
640 4152 772 4218 Μειδίαν
803 4151 877 4217 όντιι
911 4159 965 4218 τοῦ
1003 4152 1113 4234 ἕροίνου.
1162 4154 1352 4222 Rectissime
1386 4159 1474 4238 όρόῶς
1509 4156 1531 4224 S

345 4264 479 4330 omittit.
524 4258 561 4324 In
591 4281 625 4325 re
654 4266 722 4323 tam
750 4259 934 4339 manifesta,
960 4260 998 4326 de
1026 4281 1087 4346 qua
1109 4281 1203 4326 nemo
1227 4263 1382 4349 ambigit,
1408 4272 1531 4328 σκοπεῖν

344 4371 421 4434 satis
444 4371 504 4432 est.

385 4470 552 4536 Praeterea
575 4469 742 4550 ἐπέρχεται
766 4494 817 4549 μοι
841 4481 966 4539 σκοπεῖν
990 4474 1068 4540 bouo
1087 4471 1201 4551 habet,
1224 4479 1261 4540 ut
1278 4493 1352 4561 pag.
1377 4472 1456 4542 576.
1475 4474 1533 4542 26.
