3342 5080
725 339 791 409 575

163 547 237 592 rurn
264 529 514 616 grammaticum
545 533 601 595 aut
630 531 789 597 rhetorem
821 532 877 617 qni
900 552 995 597 suum
1017 532 1044 597 rt
1068 531 1190 609 ννήσως
1214 551 1353 618 appona-

166 633 218 698 bat
251 635 276 718 ¹)
308 636 414 722 magis
444 636 520 719 quia
549 634 588 700 de
619 632 813 703 Oriticorum
843 637 964 703 indicio
997 637 1198 705 inaudiverat
1230 636 1353 724 aliquid

163 759 258 825 qnam
283 743 357 825 quia
379 743 446 827 ipse
468 743 514 807 ita
537 744 701 808 sentiebat.

206 839 339 911 Rsnatis
369 845 486 912 litteris
518 846 661 934 plerique
691 870 801 915 omnes
825 851 991 936 'principes
1020 852 1054 915 in
1086 850 1265 918 damnanda
1293 850 1353 917 hae

163 953 303 1017 oratione
326 960 567 1031 consenserunt,
591 955 646 1020 sed
669 956 854 1022 excedentes
876 955 1009 1022 modum
1033 959 1108 1042 quia
1129 957 1353 1024 Demosthenis

163 1078 224 1124 non
254 1079 322 1123 esse
354 1059 450 1143 probe
479 1060 658 1126 sentiebant
688 1063 793 1128 nescio
817 1083 913 1148 quem
937 1060 1121 1148 Sophistam
1144 1064 1222 1128 haec
1245 1065 1354 1130 omnia

163 1163 368 1230 declamitare
406 1166 624 1250 opinabantur.
686 1169 830 1234 Fuerunt
864 1169 941 1235 adeo
975 1171 1031 1254 qui
1065 1168 1105 1233 ab
1139 1168 1353 1240 Alexandrino

162 1269 300 1336 Rhetore
329 1270 407 1336 haec
436 1275 554 1357 scripta
584 1293 650 1340 esse
680 1277 762 1341 serio
793 1275 965 1341 eraderent.
1011 1273 1079 1340 Alii
1108 1298 1225 1361 „acqoe
1248 1275 1353 1341 Demo-

162 1378 290 1441 sthenem
320 1400 383 1441 eom
411 1378 586 1462 ocrs'poeisffl
613 1381 756 1447 iudicant
790 1405 852 1459 „ac
881 1404 919 1445 ne
949 1382 983 1445 io
1003 1381 1078 1467 fori
1100 1381 1216 1467 quidem
1239 1389 1267 1446 ct
1288 1383 1353 1446 oers'

163 1481 271 1546 iudicii
305 1506 389 1547 arom
410 1485 593 1568 compositam
617 1485 719 1552 cecc..”
764 1487 1046 1564 Hemsterhusius,
1071 1485 1298 1553 Valckenarius
1321 1491 1354 1554 et

162 1587 374 1654 Ruhnkenius
396 1611 459 1656 non
482 1590 673 1658 dubitabant
696 1596 773 1679 quin
796 1600 878 1660 esset
900 1594 1136 1661 Demosthenis.
1172 1593 1280 1660 Movit
1300 1615 1354 1660 eos

161 1695 299 1782 Longini
329 1699 516 1774 auotoritas,
548 1720 567 1764 a
597 1719 659 1784 quo
690 1708 749 1777 „at
778 1701 983 1765 Demosthenis
1012 1701 1108 1764 oratio
1139 1698 1249 1763 diserte
1283 1701 1351 1764 lou·

161 1801 268 1865 dctur'’
291 1801 435 1886 (Ruhnk.
461 1803 501 1868 ad
523 1804 657 1892 Longin.
684 1804 737 1871 23.
764 1806 821 1891 4.).
855 1805 1023 1872 Praeterea
1046 1804 1216 1870 manifesto
1240 1807 1350 1870 imita·

162 1910 212 1972 tus
235 1913 284 1972 est
303 1906 448 1994 lepidum
472 1931 510 1975 ex
534 1931 571 1976 aa
593 1915 734 1978 oratione
755 1912 864 1978 locum
887 1912 1053 2000 Longinus
1077 1931 1178 1996 quum
1198 1897 1349 1976 scriberet

161 2012 470 2096 1.1.νὸπωντωχωῡ
500 2017 680 2090 κώδωνας
712 2016 891 2099 ἒξῆφθων
925 2016 996 2082 tissa
1018 2018 1185 2097 σοφνςνκόν.
1233 2015 1352 2083 Obver-

162 2125 250 2184 satur
284 2122 314 2186 ei
347 2119 436 2186 locus
469 2141 542 2210 pag.
581 2121 656 2191 797.
697 2124 748 2190 14.
781 2126 870 2189 ταῦθ’
906 2121 992 2197 οὗτος
1028 2122 1116 2201 μόνον
1148 2124 1181 2188 οὐ
1212 2122 1352 2196 κώδωνας

163 2223 359 2305 ἐξαψάμενος
384 2227 631 2307 διαπράττεται,
657 2236 695 2296 ut
717 2230 929 2297 Ruhnkenius
953 2231 1186 2296 animadvertit.

207 2333 291 2398 Cum
322 2334 373 2400 his
404 2338 552 2403 omnibus
582 2339 768 2422 opinionum
792 2339 982 2403 commentis
1005 2342 1037 2401 et
1059 2336 1217 2401 erroribus
1240 2337 1355 2402 acriter

163 2439 360 2526 depugnavit
400 2442 571 2518 Reislrius,
615 2464 676 2528 quo
709 2442 815 2508 iudice
850 2464 944 2510 verus
977 2443 1130 2507 orationis
1164 2445 1273 2506 auctor
1307 2431 1355 2507 est

160 2563 339 2612 manemus
368 2547 550 2627 habendus,
582 2551 634 2614 cui
665 2550 814 2634 equidem
845 2553 877 2614 et
907 2548 987 2615 olim
1018 2553 1050 2613 et
1080 2567 1164 2611 nunc
1192 2567 1231 2611 ex
1255 2547 1355 2612 animi

160 2654 316 2719 sententia
338 2657 500 2721 assentior.
536 2654 622 2722 Satis
645 2657 731 2722 enim
753 2661 883 2741 apparet
905 2656 983 2722 haec
1007 2655 1047 2720 ah
1071 2673 1107 2718 eo
1130 2654 1248 2738 scripta
1271 2672 1355 2750 esse,

160 2761 194 2824 in
216 2779 278 2844 quo
304 2764 395 2826 tanta
417 2768 499 2829 esset
521 2763 690 2830 hominum
716 2767 748 2828 et
771 2783 875 2828 rernm
900 2761 990 2827 illius
1014 2760 1167 2845 temporis
1187 2761 1302 2824 notitia
1323 2766 1356 2826 et

160 2865 377 2954 intelligentia
399 2873 432 2933 ct
454 2889 548 2947 usus,
573 2874 692 2955 quanta
716 2871 751 2934 in
773 2867 849 2934 solis
871 2866 1097 2934 Demosthenis
1117 2864 1302 2950 aequalibus
1322 2876 1355 2931 et

161 2971 367 3059 popularibus
398 2995 464 3040 esse
492 2982 606 3061 posset.
655 2975 740 3042 Satis
769 2979 899 3060 apparet
930 2979 1081 3058 concepta
1111 2973 1189 3038 haec
1222 2993 1288 3038 esse
1319 2993 1357 3038 aa

164 3079 301 3146 dictione
332 3085 365 3145 ct
395 3081 485 3157 stilo,
519 3080 607 3167 quali
639 3101 734 3150 nomo
763 3100 920 3165 umquam
951 3082 1002 3145 nti
1028 3081 1135 3165 potuit
1156 3083 1282 3164 praeter
1304 3098 1357 3144 eos

162 3187 217 3269 qui
247 3187 281 3249 in
313 3187 423 3252 Attica
446 3190 516 3253 nati
539 3189 575 3252 τὸ
599 3187 735 3266 κκθωρῶς
760 3183 930 3266 ἀττικίζειν
952 3187 986 3249 iu
1010 3187 1081 3269 ipsa
1101 3187 1206 3268 patria
1228 3185 1358 3251 didicis·

164 3296 241 3358 sent
304 3290 528 3378 sophistarum
566 3297 598 3358 et
632 3293 811 3358 Rhetorum
846 3290 1123 3357 declamitantium
1157 3292 1235 3355 satis
1269 3290 1357 3356 domi

162 3398 334 3482 habemus,
366 3398 420 3464 sed
451 3419 545 3465 nemo
577 3420 660 3465 nnus
690 3420 801 3465 eorum
832 3400 978 3464 Atticum
1014 3395 1139 3462 dicendi
1175 3417 1276 3484 genus
1310 3397 1358 3462 ita

162 3506 268 3589 potuit
290 3504 447 3570 imitando
470 3507 646 3590 exprimere
670 3509 708 3568 ut
730 3525 795 3570 non
817 3503 1006 3592 longissimo
1029 3501 1199 3568 intervallo
1220 3501 1260 3566 ab
1279 3503 1357 3587 ipsis

164 3610 411 3677 Atheniensibus
442 3610 583 3677 distaret.
629 3609 827 3697 Hyperides,
857 3614 896 3674 ut
922 3608 1085 3687 vidimus,
1108 3607 1304 3694 populariter
1326 3612 1359 3673 et

163 3715 365 3782 familiariter
388 3717 571 3802 quotidiano
593 3718 680 3782 ritae
704 3736 845 3782 sermone
867 3721 961 3780 utens
984 3711 1213 3786 Ἀντνκωτωτός
1239 3713 1310 3780 ε’ςνν.

209 3822 377 3888 Praeterea
406 3821 490 3888 nihil
521 3825 556 3886 in
586 3842 624 3887 aa
653 3825 793 3888 oratione
827 3823 910 3886 inest
944 3821 1027 3906 quod
1064 3841 1138 3886 cum
1174 3818 1357 3904 aequalium

166 3931 360 3994 testimoniis
381 3934 522 4016 pugnet,
546 3928 601 3993 sed
622 3933 731 3993 contra
750 3928 858 3994 omnia
876 3923 963 4012 fideli
983 3926 1148 3992 concordia
1167 3927 1356 4011 conspirant.

213 4033 331 4100 Omnes
355 4037 539 4100 criticorum
563 4033 777 4100 dubitationes
801 4038 833 4098 et
852 4034 1090 4098 criminationes
1109 4053 1147 4098 ex
1166 4029 1359 4097 Callimachi
1479 4041 1487 4054 ⁴

204 4369 228 4435 1)
246 4367 421 4434 Harpocration
444 4365 530 4430 viginti
553 4366 601 4414 lere
623 4366 688 4414 locos
709 4379 736 4413 cx
760 4363 943 4431 Aristogitona
964 4364 1063 4414 adamus
1079 4362 1116 4414 hia
1133 4367 1227 4415 tantam
1244 4365 1359 4417 adscribit

165 4461 187 4510 sl
204 4459 302 4522 γνήσιος
320 4474 343 4508 r.
361 4457 447 4520 Θεωρίς
465 4460 489 4505 ot
506 4452 600 4513 νςωλῆς.
