3296 5104
707 365 749 434 29

132 551 320 632 πνευμάτων
351 555 517 636 οὶσφοολές,
549 557 621 636 πρὸς
652 558 732 640 αὐτῇ
757 567 795 639 rei
820 560 908 640 χώρᾳ
932 559 984 622 καί
1011 558 1082 639 πρὸς
1106 565 1168 630 τοῖς
1193 563 1251 622 τῶν
1274 555 1326 637 ε’μ·

133 663 244 741 πορίων
268 661 385 738 eduam
408 661 513 745 ρ’ρδίως
539 659 617 730 ἔνων.

181 766 307 832 Ultima
336 789 409 852 pars
441 767 538 833 huius
559 766 622 834 loci
645 771 700 844 τὴν
722 770 748 834 δ’
772 767 846 848 ε’ίροον
871 775 924 834 τοῦ
949 768 1035 844 ἔτους
1061 807 1102 819 -
1127 769 1233 854 ρ’ριδίως
1258 769 1326 838 {sar

133 894 265 939 omnem
289 893 399 938 sanam
422 880 454 938 et
477 872 658 959 simplicem
682 877 977 960 interpretationem
1001 878 1141 961 respuit:
1168 881 1216 941 est
1240 877 1328 942 enim

133 981 170 1042 in
203 979 254 1043 his
287 977 418 1056 lacuna,
448 999 544 1064 quam
568 983 596 1044 si
619 1002 658 1046 ex
681 984 747 1047 imo
771 983 944 1047 sententiae
968 981 1066 1047 fundo
1089 988 1121 1047 et
1144 985 1190 1048 rei
1215 988 1329 1048 natura

134 1093 170 1150 et
193 1086 360 1150 verborum
389 1088 615 1170 compositione
638 1096 672 1150 111
695 1087 802 1154 lucem
822 1089 1019 1152 revocareris
1038 1091 1144 1152 omnia
1165 1093 1257 1152 erunt
1276 1109 1328 1152 ex-

132 1191 254 1276 pedita.
303 1189 512 1277 Opponuntur
533 1193 618 1256 inter
638 1213 671 1258 se
694 1193 849 1273 χειμαδίῳ
874 1200 970 1257 ΜΕΝ
993 1195 1126 1274 χρῆσθαι
1151 1199 1183 1258 et
1206 1195 1260 1267 τὴν
1289 1197 1327 1258 Δ·

134 1293 214 1376 ὅροιν
238 1301 291 1361 τοῦ
315 1295 504 1368 taonem.
527 1296 590 1363 Per
612 1303 718 1364 totum
742 1319 861 1363 annum
882 1301 949 1363 sine
967 1299 1201 1363 intermissione
1222 1301 1327 1384 copias

134 1403 213 1470 illus
239 1403 312 1470 nne
341 1402 483 1468 militare
513 1408 546 1469 et
575 1403 782 1470 Macedoniae
815 1407 984 1469 imminere
1008 1404 1160 1488 docetque
1183 1405 1259 1489 quid
1284 1407 1328 1469 sit

135 1512 180 1574 iis
203 1529 326 1595 quaque
351 1512 425 1574 anni
448 1514 637 1595 tempestate
662 1510 832 1598 agendum.
875 1511 1010 1575 Hiberae
1029 1517 1155 1594 tenpore
1173 1513 1326 1595 recipient

134 1639 171 1682 se
194 1619 229 1680 in
250 1615 376 1680 insulas
395 1614 600 1682 Macedoniae
623 1620 656 1682 et
679 1615 831 1682 'l’hraciae
854 1619 1032 1701 proximas,
1057 1621 1144 1680 tutas
1167 1621 1199 1680 et
1224 1619 1326 1701 cupio

134 1743 206 1801 sas;
237 1722 292 1796 ciro
322 1723 349 1785 δ’
379 1721 454 1801 ripas
484 1727 537 1787 τοῦ
569 1719 652 1796 ἔτους
685 1722 783 1807 (quod
814 1722 938 1787 dictum
962 1727 1010 1786 est
1033 1727 1070 1786 ut
1093 1722 1127 1786 οδ
1151 1723 1228 1800 ίέροο
1240 1769 1249 1800 ,
1274 1723 1325 1786 rto

133 1829 293 1912 χειμῶνα)
314 1827 349 1892 id
371 1833 420 1891 est
443 1834 568 1912 tenpore
585 1851 675 1893 οενυο
695 1834 723 1892 et
741 1827 851 1891 aestivo
871 1825 953 1867 *⁴*
972 1827 1157 1892 exciderunt
1168 1827 1326 1913 complus-

133 1933 230 2012 cula,
261 1954 396 2018 quorum
428 1937 618 2000 sententiam
649 1933 736 2019 (nam
759 1933 856 1998 rerba
878 1937 1035 2016 praestare
1057 1932 1142 1999 velle
1165 1932 1326 1999 dementia

132 2047 196 2122 est)
228 2042 273 2105 sic
302 2043 380 2106 satis
410 2040 574 2106 commode
606 2039 800 2126 expleveris:
833 2038 887 2110 τὴν
917 2038 944 2102 δ’
966 2037 1043 2116 ὥρων
1066 2043 1119 2102 τοῦ
1144 2038 1245 2112 ἔτους,
1272 2035 1324 2104 ίτε

131 2147 187 2211 aad
219 2145 292 2226 πρδς
316 2153 354 2226 τῇ
379 2155 421 2227 γῇ
446 2143 587 2223 γενέσθαι
610 2146 710 2228 ρ’ρίδοον
733 2145 784 2210 κοοί
808 2145 843 2208 τὸ
867 2149 925 2207 τῶν
949 2142 1133 2220 πνευμοίτων
1155 2143 1322 2223 οὶοφοολίς,

131 2258 206 2332 πρὸς
233 2254 313 2334 αὐτῇ
335 2261 373 2334 τῇ
397 2251 484 2334 χώρᾳ
504 2254 555 2316 κω)
578 2253 649 2333 πρὸς
669 2261 732 2324 τοῖς
751 2257 810 2315 τῶν
831 2250 979 2330 ἐμπορίων
1000 2248 1134 2327 ςίμοοοίυ
1153 2250 1321 2336 (ἐφορμεῖν,

130 2356 198 2424 ὅθεν
222 2361 278 2433 τὴν
300 2359 411 2423 ἐκείνου
437 2359 537 2429 κακῶς
561 2365 670 2439 ποιεῖν)
693 2358 800 2442 ρ’ριδίως
824 2353 903 2425 isar.

176 2465 312 2531 Necesse
336 2469 383 2530 est
407 2463 484 2530 duos
507 2465 675 2549 infinitivus
698 2467 782 2529 inter
804 2483 837 2528 se
860 2464 1019 2548 oppositos
1042 2462 1140 2527 fuisse
1165 2463 1321 2542 χειμαδίῳ

130 2576 229 2632 ΜΕΝ
258 2571 393 2648 χρῆσθαι
424 2574 456 2634 et
488 2569 542 2644 rio
576 2572 614 2634 Δ’
645 2567 722 2649 ίίρυν
752 2571 806 2633 τοῦ
830 2565 913 2639 ἔπους
941 2565 1112 2652 (ἐφορμεῖν)
1136 2573 1192 2633 aut
1216 2568 1323 2634 simile

131 2675 220 2760 qnid.

176 2885 257 2975 Peg.
285 2885 337 2951 49.
365 2885 417 2950 14.
442 2885 480 2952 δον
503 2891 608 2951 caira
632 2887 774 2967 πορίοντε
797 2887 841 2952 rot
864 2887 1018 2967 χρίμωτοο
1041 2895 1155 2968 πρῶτον
1177 2884 1212 2974 [οδ
1226 2888 1320 2966 λέγω.

132 2991 156 3057 S
186 2991 208 3057 ἃ
241 2993 320 3077 om]
353 3014 415 3057 non
446 2992 507 3056 fert
538 2991 600 3058 loci
630 2995 786 3058 sententia
816 2993 963 3057 additum
993 2989 1015 3058 δ
1041 2994 1134 3072 λέγω.
1182 2993 1323 3058 Recitari

131 3102 268 3165 iusserat
290 3098 515 3184 plebiscitum,
539 3101 573 3163 in
596 3119 659 3183 qno
681 3099 758 3164 haec
785 3101 894 3163 omnia
916 3099 1024 3164 ordine
1044 3101 1216 3185 perscripta
1234 3106 1324 3163 crant

131 3226 206 3294 pag.
241 3203 295 3269 48.
329 3202 381 3270 13.
427 3205 539 3290 Itaque
567 3210 691 3292 poterat
714 3201 861 3270 dioecesi
888 3205 1064 3285 ρέρροιφοι,
1089 3226 1151 3270 non
1174 3200 1196 3269 a
1220 3205 1321 3283 λέγω,

131 3311 186 3376 sed
210 3314 359 3377 continuo
382 3311 543 3396 praecedit
566 3316 658 3376 τοῦτ’
685 3311 748 3378 ἒςίν
772 3309 842 3388 cipio
867 3309 1035 3392 γίγροοφοι.

175 3522 255 3611 Peg.
291 3520 344 3588 53.
374 3519 428 3589 26.
454 3530 513 3588 τῶν
537 3527 698 3602 sperando
722 3520 831 3594 ἕκοοςος
858 3523 901 3594 δίς
927 3523 978 3588 nai
1004 3523 1065 3603 τρίς
1091 3524 1224 3604 κρίνετου
1250 3528 1323 3604 παρ’

132 3629 203 3706 ὑμῖν
236 3629 304 3708 περὶ
330 3627 482 3706 ίωνοίτου,
508 3629 580 3706 πρὸς
605 3628 636 3693 δὲ
660 3628 729 3700 τοὺς
755 3629 878 3709 ε’χίροὺς
903 3628 997 3702 οὐδεὶς
1022 3630 1082 3694 οὐδ’
1108 3627 1200 3709 ἅπαξ
1223 3633 1324 3696 αὐτῶν

131 3735 345 3814 ἅμωνίσωοίωι
375 3735 455 3824 [περὶ
481 3735 627 3820 terasso]
652 3741 770 3818 τολμᾷ.
807 3734 929 3800 Vitiosa
949 3735 1123 3801 admodum
1141 3738 1238 3803 verba
1255 3740 1322 3816 περί

131 3840 263 3907 tarsen
296 3863 335 3907 ex
363 3841 578 3928 superioribus
610 3843 746 3926 repetita
768 3847 852 3906 sunt.
900 3840 1091 3906 Rectissime
1114 3842 1232 3908 dicitnr
1254 3847 1321 3921 περὶ

130 3955 238 4030 ψυχῆς
265 3947 441 4012 κινδυνεύειν
465 3950 533 4012 sive
557 3947 780 4027 ἄρωνίζεοίου,
801 3949 859 4013 ubi
876 3945 942 4027 περί
965 3947 1097 4012 ίοινοίτου
1118 3957 1199 4012 esset
1215 3949 1322 4014 absur-

130 4055 226 4133 dum,
252 4059 286 4120 ot
309 4053 433 4133 κρίνειν,
458 4053 606 4132 κρίνεοίου
632 4053 698 4134 περί
723 4052 856 4118 ίοονοίτου
876 4056 995 4136 optime
1014 4051 1110 4117 habet
1129 4056 1162 4116 et
1182 4055 1322 4120 usitatis-

130 4163 250 4226 simum
276 4165 324 4225 est
345 4162 379 4224 in
401 4161 530 4224 iudiciis
552 4158 708 4244 publicis:
728 4159 865 4225 inbelle
885 4160 955 4239 πρὸς
979 4159 1048 4230 τοὺς
1069 4157 1234 4235 πολεμίους
1255 4163 1323 4226 sive

130 4269 200 4350 πρὸς
224 4267 297 4337 τοὺς
321 4265 446 4346 ἐχθροὺς
471 4262 673 4343 ἀγωνίζεσθαί
698 4268 767 4332 sive
791 4265 953 4346 μοίχεσίοιν
978 4265 1086 4349 cupitis
1101 4264 1268 4348 ρονίουίυον
1287 4269 1321 4332 in

129 4396 160 4440 se
189 4374 343 4440 continet.
391 4371 487 4458 Apud
510 4370 764 4457 Theophrastum
792 4374 939 4436 Charactt.
965 4369 1019 4436 25.
1045 4371 1058 4434 ί
1083 4369 1179 4443 triade
1205 4372 1323 4440 dicitur

129 4485 190 4547 πᾶν
215 4482 342 4556 μᾶλλον
369 4477 385 4552 ἢ
409 4476 573 4558 μοίχεσίου
597 4486 660 4551 τοῖς
684 4479 860 4558 πολεμίοις,
885 4480 960 4563 quia
983 4476 1016 4542 id
1036 4481 1084 4542 est
1104 4479 1217 4563 capitis
1241 4484 1322 4565 peri-
