3348 5086
889 337 954 405 378

499 527 644 608 βέλτερον
669 523 700 599 ὃς
725 527 852 608 φεύγων
878 526 1028 610 ποοφοίγη
1050 530 1144 594 κοινὸν
1168 530 1200 604 ἠὲ
1224 531 1334 606 ratde.

366 644 398 698 Ρ.
425 631 502 700 506.
529 636 546 712 ἥ
571 639 600 699 η’
624 633 717 706 ωὑτὸς
742 633 783 697 ἐνὶ
809 633 949 713 πρώτοισι
974 635 1084 717 ready.

319 742 397 808 hacc
428 742 535 806 omnia
564 741 682 807 hahent
712 742 832 826 optime
863 742 985 814 ratde,
1016 743 1151 822 νωλώης,
1177 743 1293 824 reatin,
1317 744 1371 809 sed
1395 745 1514 810 vitiosa

320 851 476 933 scriptura
498 853 547 913 est
567 846 653 932 apud
674 846 858 912 Belrlserum
882 852 915 912 et
938 845 1052 934 Odyss.
1078 872 1102 914 ο.
1129 846 1204 913 300.

527 952 674 1034 ὄρμοοίνων
698 952 715 1028 ἥ
741 976 791 1016 κεν
815 952 943 1017 ίοίνοοτον
968 953 1066 1033 Φύγον
1088 954 1104 1030 ἥ
1129 979 1181 1019 κεν
1205 951 1300 1036 οὶλςίη.

322 1068 354 1128 et
384 1061 411 1139 ξ.
447 1059 521 1126 183.
555 1061 571 1135 ἤ
605 1084 654 1124 κεν
688 1057 773 1140 ἁλῴη
805 1060 822 1135 ἥ
854 1084 889 1124 κε
921 1059 1030 1141 φύγον.
1078 1062 1225 1146 Namque
1252 1063 1387 1147 optativi
1410 1062 1514 1128 forma

321 1171 389 1233 sino
411 1166 480 1233 ulla
501 1167 713 1232 controversia
739 1171 786 1230 est
809 1166 954 1243 οίΛΟΙην,
978 1173 1016 1232 ut
1038 1167 1134 1254 δοίην,
1159 1169 1262 1246 γνοίην
1286 1174 1318 1234 et
1340 1169 1457 1254 βνοίην,
1483 1175 1515 1235 et

322 1278 426 1353 exstat
447 1274 546 1360 proba
569 1277 601 1338 et
623 1273 745 1338 sincera
767 1272 870 1337 forma
894 1283 930 1337 Χ.
956 1272 1033 1340 253.

687 1375 790 1455 ἕλοιμί
812 1401 862 1442 κεν
887 1380 903 1455 η’
928 1403 963 1444 κε
987 1379 1117 1454 νωλοίην.

366 1485 477 1572 ltaque
500 1486 549 1551 bis
572 1483 805 1551 emendandum
828 1487 863 1548 in
886 1483 1028 1573 Odyssea
1051 1486 1067 1561 ἥ
1092 1511 1142 1551 κεν
1166 1484 1294 1552 lavaron
1316 1485 1414 1568 Φύγον
1439 1486 1456 1562 η
1480 1511 1515 1551 es

323 1592 443 1676 νωλοίη,
475 1598 507 1658 et
536 1591 553 1667 ἤ
585 1616 619 1656 νο
650 1591 752 1666 νωλοίη
777 1592 793 1667 ἦ
819 1615 853 1655 κε
878 1593 988 1671 Φύγοο.
1036 1591 1143 1658 Simul
1166 1598 1214 1658 est
1237 1613 1348 1678 operae
1373 1595 1517 1678 pretium

323 1698 574 1765 animadvertere
605 1717 685 1781 qnae
714 1699 758 1762 sit
780 1699 977 1783 corruptelae
1001 1701 1091 1786 origo
1115 1704 1147 1764 et
1169 1699 1248 1764 fons.
1296 1697 1447 1766 Graeculi
1471 1721 1518 1766 se

324 1807 448 1890 quiores
474 1809 512 1869 nt
535 1803 599 1870 alia
622 1808 769 1868 sexcenta
791 1804 965 1889 peccabant
990 1811 1098 1871 contra
1119 1825 1243 1871 morem
1265 1809 1445 1883 maiorum,
1470 1809 1520 1872 ita

324 1911 381 1976 has
410 1931 535 1997 quoque
565 1909 682 1977 lormas
711 1910 837 1986 διδοίην,
869 1911 966 1988 δοίην,
998 1912 1119 1998 γνοίην,
1144 1911 1250 1988 οίλοίην
1273 1919 1305 1979 et
1327 1913 1427 1991 βνοίην
1450 1935 1520 1978 ccu-

323 2025 435 2082 ataoter
464 2019 577 2084 vitiare
608 2021 778 2101 coeperunt
802 2013 907 2098 δοδῴην
930 2019 1070 2084 dicentes
1094 2023 1126 2084 et
1148 2018 1243 2100 δῴην,
1269 2016 1390 2100 γνῴην,
1414 2017 1520 2099 οίλςίην

324 2129 357 2188 et
378 2122 474 2206 βοῴην
498 2127 606 2189 contra
631 2121 812 2209 analogiam
837 2129 868 2190 et
891 2129 1015 2190 certum
1038 2131 1291 2211 perpetuumque
1317 2129 1523 2211 antiquitatis

323 2250 430 2295 nsum.
476 2228 643 2316 Increpant
666 2231 824 2317 magistri.
863 2230 1066 2318 Phrynichus
1089 2251 1161 2319 pag.
1188 2229 1264 2296 345.
1299 2230 1419 2297 Moeris
1441 2253 1519 2319 pag.

326 2334 402 2403 117.
451 2336 645 2421 Δοίημεν,
678 2334 815 2410 δοίητε
842 2334 1004 2411 Ἀττικῶς.
1030 2337 1202 2420 δῷημεν,
1228 2334 1353 2418 δῴητε
1376 2341 1521 2411 Ἑλληνο-

323 2449 394 2517 κῶς.
440 2443 560 2528 Inepte
578 2447 610 2507 et
640 2440 738 2508 stulte
770 2441 953 2528 obloquitur
985 2443 1124 2510 Thomas
1155 2443 1313 2531 Magister
1340 2464 1413 2532 pag.
1437 2441 1520 2508 225.

325 2556 357 2616 et
386 2552 474 2615 inani
505 2548 664 2615 doctrinae
695 2550 797 2634 specio
824 2547 957 2615 fluidas:
989 2547 1088 2630 Βοςίη
1121 2551 1190 2616 cirri
1214 2554 1268 2614 τοῦ
1291 2550 1392 2628 βνοίη,
1416 2547 1520 2631 ὥσπερ

324 2657 376 2723 ηαδ
401 2658 436 2722 νδ
461 2651 534 2736 δῴη
559 2654 627 2719 cirri
653 2657 706 2719 τοῦ
731 2655 793 2730 δοίη
820 2663 1003 2736 -Δωρνκῶς,
1039 2656 1110 2722 Non
1134 2661 1209 2722 sunt
1231 2657 1308 2722 haec
1326 2655 1442 2722 Dorica
1460 2657 1519 2722 scd

324 2785 343 2830 a
364 2785 432 2830 sero
450 2763 534 2827 natis
553 2759 719 2828 Graeculis
738 2764 888 2846 imperite
909 2761 996 2840 ficta,
1019 2782 1097 2848 qnos
1116 2763 1243 2848 quidem
1265 2763 1358 2828 facile
1374 2765 1521 2848 patimur

321 2869 410 2956 loqui
442 2889 499 2934 suo
528 2869 685 2933 arbitratu
717 2867 892 2935 dummodo
927 2871 1058 2953 antiqua
1092 2868 1272 2934 litterarum
1307 2873 1521 2933 monumenta

322 2995 379 3042 suo
410 2979 555 3041 contactu
587 2996 649 3039 non
680 2973 837 3059 impleant
875 2977 1161 3060 contaminentqne.
1211 2973 1274 3038 Sed
1306 2979 1414 3039 contra
1447 2971 1518 3038 lieri

323 3081 486 3148 videmus:
509 3081 702 3164 ubicumque
723 3083 810 3145 enim
829 3083 946 3147 vitiosa
964 3084 1145 3166 sequiorem
1168 3081 1308 3156 νννηίενοο
1329 3080 1368 3144 ab
1389 3081 1517 3163 antiqui

324 3189 478 3252 sermonis
502 3189 681 3252 sinceritate
705 3185 839 3252 discedit
858 3187 1006 3254 videmus
1026 3187 1176 3253 lectiones
1196 3187 1309 3273 probas
1329 3191 1361 3250 et
1379 3187 1519 3251 sinceras

324 3301 470 3360 veterum
494 3291 533 3357 ad
556 3291 650 3379 vulgi
673 3293 935 3371 consuetudinem
958 3291 1082 3380 refingi.
1117 3292 1154 3357 In
1178 3292 1358 3378 complures
1379 3290 1519 3356 Homeri

323 3399 423 3465 libros
443 3409 483 3463 [1.
508 3397 573 3462 625
596 3400 724 3483 irrepsit
747 3397 822 3481 δῴης
846 3420 903 3485 pro
927 3399 1021 3476 δοίης,
1047 3403 1147 3465 etsie
1171 3419 1227 3485 pro
1250 3399 1338 3471 οὶνοίη
1359 3398 1409 3463 bis
1428 3394 1516 3477 ἁλῴη

325 3527 358 3571 ee
386 3507 563 3570 insinuavit
592 3507 626 3569 in
650 3510 775 3570 textum
800 3507 993 3572 dormitante
1016 3506 1145 3572 custode
1168 3505 1324 3571 Bellero.
1370 3504 1518 3568 horisius

325 3612 442 3676 οἰνῶνοον
473 3613 591 3676 sensim
623 3631 659 3675 ac
691 3611 862 3697 paullatim
884 3615 920 3677 in
943 3612 1187 3678 desuetudinem
1210 3612 1306 3689 abiit,
1331 3614 1368 3675 ut
1390 3609 1517 3675 aaran

324 3739 457 3805 quoquc.
505 3717 661 3782 Dicebant
682 3719 784 3802 inepti
807 3717 948 3796 ἑοίνωμοιο
974 3723 1006 3784 et
1030 3718 1177 3795 ἓονώίην,
1197 3738 1275 3803 quas
1294 3717 1412 3782 formas
1432 3715 1517 3800 apud

324 3826 501 3892 Diodorum
532 3821 679 3888 Siculum
712 3828 744 3888 et
779 3825 962 3908 Appianum
998 3824 1064 3903 περὶ
1101 3824 1262 3905 ἐμφυλίων
1295 3823 1431 3886 memini
1464 3842 1517 3886 me

324 3931 440 4019 legere.
495 3929 603 3994 Etiam
639 3929 778 3993 οὶλίοκενν
813 3951 869 4015 pro
905 3931 998 4009 ονίρεΐν
1033 3930 1135 3995 dicere
1170 3932 1349 4014 coeperunt.
1405 3925 1517 4012 Itaque

326 4041 449 4103 ’ΛΑΩΙ
479 4034 556 4122 qnid
588 4040 669 4100 esset
692 4035 898 4100 mirabantur.
947 4034 984 4098 In
1012 4035 1204 4120 Antiphanis
1227 4035 1408 4120 fragmento
1432 4031 1515 4120 apud

325 4144 525 4209 Athenaeum
546 4162 618 4228 pag.
646 4139 720 4206 450.
748 4151 785 4205 E.
812 4143 869 4206 ubi
892 4147 985 4226 potita
1008 4141 1153 4207 dederat:

746 4253 808 4318 πῶς
829 4247 891 4328 γὰρ
916 4245 1030 4326 γένοιτ’
1057 4245 1114 4324 ἄν,
1140 4243 1161 4310 ὦ
1186 4247 1305 4330 mim,

529 4354 622 4436 ῥητωρ
645 4350 785 4435 ἄφωνοος
812 4365 846 4418 Β.
872 4354 905 4430 ἣν
929 4354 996 4434 οἱλῷ
1021 4354 1084 4434 τρίς
1108 4352 1305 4434 παρανόμων.

323 4465 358 4528 in
381 4460 552 4548 archetypo
577 4465 609 4524 ct
631 4461 820 4548 apographis
844 4465 892 4526 est
915 4461 1001 4525 citati
1025 4480 1082 4545 pro
1107 4459 1172 4540 οἱηῷ
1197 4462 1264 4525 sine
1282 4479 1387 4524 sensu.
1418 4455 1462 4522 nt
1481 4457 1516 4522 in
