3296 5104
730 367 773 438 53

143 561 269 648 scripta
287 567 363 628 sunt
381 561 449 628 illis
469 560 685 648 temporibus,
707 583 807 648 quum
826 563 1024 651 Theopompi
1044 559 1221 631 Φιλιππικά
1241 567 1345 630 essent

143 671 181 732 in
206 671 355 734 omnium
379 669 538 735 manibus.

193 879 290 946 Nunc
325 881 508 967 ορίεῖοΙιιιι,
544 883 772 968 cuiuscumque
809 893 878 963 est,
912 884 1021 951 ordine
1059 904 1283 970 percurremus
1313 887 1342 950 si

143 987 227 1073 quid
250 987 332 1052 forte
355 987 574 1054 emendatione
597 986 650 1054 vel
671 991 933 1076 interpretatione
956 989 1091 1078 indiget.

190 1093 411 1158 Dostituimur
440 1097 474 1158 in
502 1115 539 1159 ea
561 1115 594 1159 re
617 1097 733 1180 optimi
756 1100 788 1161 et
811 1093 989 1162 fidelissimi
1013 1100 1103 1162 testis
1124 1096 1256 1162 auxilio.
1302 1093 1340 1160 ln

143 1196 266 1264 Codice
293 1196 317 1264 S
345 1197 490 1285 Epistola
521 1198 667 1286 Philippi
696 1221 759 1266 non
787 1207 965 1287 comparet,
990 1222 1071 1287 quae
1093 1209 1259 1287 propterea
1282 1199 1339 1267 ali·

143 1309 268 1390 quanto
288 1305 469 1372 mendosior
492 1326 587 1391 quem
611 1306 734 1393 reliqua
757 1312 832 1372 sunt
854 1307 1085 1374 circumfertur.

192 1518 275 1607 Pag.
309 1514 386 1582 158.
421 1515 452 1582 3.
486 1517 768 1593 irretirentur
793 1543 852 1596 μου
876 1519 1021 1600 πρέσβεις
1044 1521 1269 1593 άποςεόλαντος
1295 1558 1338 1572 -
1417 1603 1424 1618 ι

145 1624 295 1702 οὔδεμόαν
318 1625 501 1698 ἑποιησασόε
526 1623 692 1706 ἐπιτροφόρν
714 1623 797 1708 ᾤμην
822 1626 883 1692 δεῖν
905 1625 1035 1705 πέμψαι
1059 1627 1131 1706 πρός
1157 1627 1239 1704 ὑμᾶς
1264 1627 1338 1708 ὑπὲρ

144 1727 186 1795 ὧν
216 1731 387 1796 άδικεῑσόαι
417 1729 538 1812 νομίζω.
585 1731 791 1798 Desideratur
820 1732 1014 1800 vocabulum
1036 1754 1139 1798 unum
1163 1737 1338 1799 sententiae

143 1857 275 1922 prorsus
306 1840 529 1903 necessarium.
577 1835 697 1923 Supple
729 1835 813 1920 ᾤμην
836 1839 897 1904 δεῖν
921 1840 1186 1905 ἘΠΙΕΤΟΛΗΝ
1210 1838 1338 1918 πέμψαι

144 1944 219 2023 πρὸς
251 1944 346 2018 ὑμᾶς.
379 1942 521 2021 ntem
551 1943 696 2010 absoluto
719 1947 860 2029 positum
883 1945 1002 2010 dicitur
1025 1945 1220 2032 delegatis,
1245 1949 1339 2011 utet

144 2049 226 2115 alibi
256 2052 377 2134 passim
408 2055 441 2114 et
467 2052 502 2115 in
524 2050 584 2115 hoc
607 2052 677 2135 ipse
698 2049 843 2135 Epistola
865 2070 940 2137 pag.
966 2048 1042 2115 162.
1068 2049 1100 2114 b.
1123 2049 1193 2115 οὔτε
1216 2051 1251 2115 τὸ
1275 2074 1339 2132 χω-

143 2157 204 2235 ρόον
241 2154 312 2220 οὔτε
346 2156 417 2228 τοὺς
452 2157 596 2237 φρουροὺς
630 2155 816 2222 άπεδόδοσαν
851 2156 1097 2236 πέμψαντος
1133 2156 1206 2237 ὑπὲρ
1237 2157 1338 2221 αὐτῶν

144 2264 222 2338 ἐμοῦ
247 2261 413 2334 πολλάκις.

189 2472 271 2561 Pag.
306 2471 382 2541 158.
415 2471 446 2539 6.
478 2475 522 2552 μη
551 2471 735 2550 θαυμάσητε
760 2473 791 2539 δὲ
815 2474 850 2539 τὸ
873 2479 970 2552 μῆκος
993 2479 1049 2546 τῆς
1073 2473 1238 2547 ἐπιπολῆς·
1263 2488 1339 2538 πολ·

146 2585 204 2644 λῶν
237 2579 303 2658 γάρ
334 2577 534 2660 ὑπαρχόντων
565 2579 778 2660 ἐγκλημάτων
808 2579 982 2657 άναρκαΐόν
1006 2580 1068 2648 ἒςιν
1092 2578 1165 2659 ὑπὲρ
1190 2577 1337 2644 άπάντων

146 2685 279 2760 δηλῶσαι
314 2689 463 2767 καθαρῶς.
512 2685 730 2772 Sophisticum
762 2689 868 2775 magis
903 2707 1000 2772 quam
1034 2689 1162 2773 regium
1193 2690 1256 2750 est:
1289 2687 1334 2762 μη

144 2791 329 2870 θαυμάσητε
359 2792 394 2857 τὸ
427 2799 523 2871 μῆκος
553 2801 609 2868 τῆς
642 2794 804 2872 screonis.
837 2797 870 2858 ec
899 2791 1016 2857 melius
1039 2791 1119 2857 talia
1139 2793 1175 2855 in
1196 2787 1257 2856 fine
1281 2811 1336 2876 po-

143 2905 274 2964 nuntur.
321 2895 499 2987 Incongrua
519 2899 598 2965 haec
620 2906 695 2965 sunt
716 2903 752 2965 in
774 2897 907 2985 epistola
925 2900 1060 2975 minaci,
1081 2917 1143 2982 qua
1162 2893 1335 2982 Philippus

108 3025 114 3032 ·
144 3013 192 3071 tot
234 3010 268 3071 et
310 3011 472 3072 tantarum
514 3008 705 3072 iniuriarum
740 3007 911 3090 impatiens
946 3002 1192 3069 Atheniensibus
1226 3007 1334 3088 aperte

144 3112 258 3178 indicit
281 3110 414 3178 bellum.

187 3219 222 3284 ln
259 3217 460 3299 ὑπαρχόντων
494 3240 552 3305 pro
585 3217 675 3284 όντων
707 3219 889 3306 agnoscitur
920 3217 1046 3301 sequior
1075 3217 1176 3280 aetas:
1206 3213 1334 3280 labente

144 3323 326 3393 Gneisse
351 3325 436 3392 nihil
464 3329 597 3392 interest
619 3327 703 3390 inter
725 3318 821 3402 εἶναι,
846 3321 1000 3403 ὑπάρχειν
1024 3326 1056 3386 et
1079 3320 1268 3394 καόεςάναι,
1293 3326 1332 3385 ut

143 3453 238 3520 snpra
268 3455 342 3521 pag.
378 3431 451 3498 153.
485 3432 539 3498 21.
571 3433 598 3497 oi
631 3432 715 3495 κατά
746 3432 801 3505 την
827 3429 938 3495 Ἀσόαν
962 3425 1124 3508 σατράπαι
1148 3428 1331 3500 καόεςωπες.

143 3537 226 3604 'lum
266 3541 404 3625 repetita
445 3537 569 3625 syllaba
611 3537 701 3624 lege:
745 3541 865 3602 πολλῶν
899 3535 963 3617 γάρ
997 3532 1197 3614 ὑπαρχόντων
1231 3540 1333 3598 ΤΩΝ

144 3646 367 3724 ἐγκλημάτων.

186 3855 269 3946 Pag.
305 3854 380 3922 159.
412 3856 443 3922 2.
468 3857 501 3922 οὔ
525 3863 588 3928 τοῖς
612 3860 839 3935 παρανομοῦσιν
864 3852 1075 3931 ἐπετιμήσατε
1100 3849 1145 3918 ότι
1169 3853 1225 3926 την
1246 3850 1332 3924 δίκην

143 3964 231 4029 άλλά
263 3962 315 4028 τόν
348 3961 545 4038 ἀδικούμενον
577 3958 697 4043 εἵρξατε
728 3959 803 4025 δέκα
834 3965 946 4037 μῆνας.
992 3955 1174 4024 Dindorfius
1196 3954 1332 4020 molesto

144 4071 240 4136 verbs
263 4069 309 4135 ότι
334 4068 496 4141 sicilico
521 4070 615 4134 eiecit
637 4072 669 4134 et
693 4066 860 4151 adscripsit
885 4065 1004 4142 „adem
1025 4065 1064 4128 ab
1084 4058 1181 4128 Oodd.
1206 4059 1330 4125 duobus

144 4175 295 4264 Augeri.”
341 4173 455 4240 Valeat
487 4175 635 4261 hogerus
665 4193 739 4238 oum
770 4174 836 4237 suis
867 4168 1055 4246 (lodicibus,
1083 4187 1217 4252 quorum
1240 4165 1331 4230 nullo

145 4287 191 4346 est
225 4285 261 4347 in
291 4281 506 4349 Demosthene
535 4278 731 4345 emendando
760 4279 932 4344 auotoritas
960 4294 1061 4359 neque
1090 4273 1159 4339 ulla
1188 4270 1334 4338 habenda

144 4390 242 4468 ratio,
266 4389 331 4454 nisi
353 4387 435 4452 forte
458 4385 577 4452 alicubi
600 4391 728 4450 acuum
751 4389 784 4449 et
803 4383 930 4449 felicem
953 4384 1164 4447 comestorum
1184 4383 1332 4444 veterum

145 4499 359 4562 coniecturam
395 4492 556 4559 exhibent.
602 4490 696 4557 Latet
725 4489 818 4557 ulons
847 4490 903 4556 sed
930 4489 1089 4554 mioemus
1118 4488 1154 4552 in
1181 4484 1332 4555 tenebris.
