3296 5104
710 369 752 440 45

150 565 368 651 suspicionem
392 564 569 651 conceperit
589 581 707 652 magno
731 582 824 649 opere
847 562 1032 630 mirandum
1056 566 1120 630 est:
1146 565 1223 631 odeo
1242 547 1349 632 omnio

151 677 231 736 sunt
254 679 286 737 et
309 673 343 736 in
364 673 529 738 sententiis
552 673 640 736 etin
661 670 785 736 dicendi
805 691 867 735 usu
886 669 1100 736 Demosthene
1112 671 1348 761 indignissimo.

152 775 220 857 Qui
243 779 324 843 serio
346 778 495 844 inducere
517 781 551 842 in
574 779 719 842 animum
743 781 848 863 potest
870 776 1138 855 Demosthenem,
1162 780 1219 843 ubi
1242 777 1282 844 od
1305 779 1349 844 fe·

151 881 254 948 telem
277 888 309 949 et
332 889 508 950 extremum
531 883 609 949 belli
627 885 849 950 necessitatem
869 889 950 949 esset
971 889 1179 969 perventum,
1202 885 1242 950 ad
1263 886 1349 951 cives

151 989 202 1054 ite
232 989 364 1055 dixisse:
398 985 443 1056 ὅτι
475 989 506 1055 δὲ
534 991 596 1068 χρίι
628 989 703 1066 μήτ’
733 989 864 1069 ὀρρωδεῖν
890 989 972 1068 ὑμεῖς
998 993 1053 1066 τὴν
1077 992 1191 1057 ἐκείνου
1217 992 1348 1068 δύναμιν

151 1096 237 1172 μήτε
272 1096 405 1173 ἀγεννῶς
441 1097 669 1178 ἀντιταχθῆναι
700 1095 772 1176 πρθς
806 1095 900 1160 αὐτὸν
930 1097 1019 1161 οίλλθι
1053 1098 1106 1162 καί
1140 1097 1263 1174 σώμασι
1295 1097 1347 1162 καί

151 1199 298 1280 χρήμασι
328 1202 380 1267 καί
414 1202 500 1267 ναυσί
533 1201 585 1266 καί
619 1205 713 1266 τοῖσιν
737 1205 776 1274 ὡς
801 1202 909 1274 οἱπλῖις
934 1203 1031 1268 εἰπεῖν
1056 1203 1190 1285 οίφειῖιῖς
1216 1205 1347 1283 ίρμνῖοαι

153 1307 228 1386 πρὸς
270 1308 321 1372 τὸν
361 1305 495 1387 πόλεμον
531 1307 593 1386 ἐγὼ
628 1307 725 1387 (male
761 1306 922 1388 additum)
959 1307 1144 1389 cerceiorum
1183 1308 1345 1376 διδάσκειν.

153 1433 256 1498 neque
294 1418 391 1481 sentit
431 1414 658 1482 adolescentuli
698 1416 804 1499 potine
840 1413 917 1480 hoec
952 1435 1019 1481 esse
1053 1415 1138 1501 opud
1173 1415 1346 1482 Rhetorem

154 1521 408 1595 declamitantis‚
441 1523 469 1585 is
499 1523 533 1584 in
561 1517 625 1585 elie
648 1518 791 1603 quolibet
813 1540 847 1584 re
870 1518 988 1584 melius
1010 1541 1107 1606 quem
1131 1523 1166 1584 in
1189 1527 1256 1587 erte
1279 1519 1348 1586 Ori-

153 1630 219 1694 tice
241 1627 385 1693 studium
409 1631 441 1693 et
465 1647 594 1713 oper-om
618 1645 710 1690 suem
733 1623 944 1690 collocaturus
965 1631 1022 1691 est.
1070 1625 1229 1712 Quidquid
1250 1627 1347 1693 homo

154 1753 218 1799 non
251 1754 290 1798 ex
317 1735 388 1818 ipso
415 1731 628 1798 Demosthene
658 1731 831 1816 surripuit,
856 1731 1050 1797 omniafere
1076 1737 1150 1797 runt
1173 1733 1291 1820 frigide
1316 1737 1348 1798 et

153 1839 308 1925 puerilis,
336 1843 374 1902 ut
404 1840 439 1904 in
469 1839 537 1903 his:
570 1843 685 1916 ccciccc
718 1836 775 1914 μὲν
806 1835 870 1915 νθιρ
894 1834 973 1909 είκθς
996 1836 1066 1910 τοὺς
1092 1838 1174 1910 θεοὺς
1198 1839 1346 1917 μεγίςονο

154 1947 226 2023 ὑμῖν
263 1942 415 2025 ὑπάρχειν
449 1942 639 2024 συμμοίχους
675 1941 727 2007 καί
763 1940 910 2020 βοηθοὺς,
942 1939 980 2008 ὧν
1012 1945 1123 2016 ἐκεῖνος
1154 1945 1213 2017 τοῖς
1246 1946 1345 2018 πίςεις

153 2051 296 2132 ὑπεριδὼν
335 2049 386 2114 καί
422 2050 491 2122 τοὺς
523 2047 623 2129 θρκονς
659 2047 798 2127 ὑπερβθις
829 2046 957 2113 λέλυκεν
990 2047 1100 2121 οὶδίκιος
1132 2052 1187 2122 τίον
1217 2053 1344 2131 είριίνιρν.

152 2157 305 2224 Potuitne
327 2155 512 2243 languidius
535 2155 709 2241 quidquem
733 2154 836 2219 dicere
859 2174 955 2238 quem
975 2152 1107 2228 οίδίκοιςῖ
1128 2155 1206 2221 Post
1226 2175 1344 2242 peuce:

153 2264 221 2329 loc
241 2265 402 2329 Persarum
427 2264 557 2348 (inquit)
581 2262 649 2339 μεθ’
675 2262 757 2338 ἡμῶν
777 2258 938 2339 γενόμενος
959 2259 1066 2344 ῥαδίως
1088 2265 1346 2340 καταπολεμήσει

152 2371 207 2444 τὴν
235 2370 392 2434 Φιλίππου
416 2367 563 2446 δύναμιν,
588 2368 646 2433 ubi
668 2365 884 2432 bellissimum
909 2371 956 2432 est
980 2367 1097 2450 ρ’ριδίως.
1144 2368 1254 2433 Unum
1278 2375 1346 2435 tan-

152 2481 223 2542 tum
267 2475 398 2541 addam:
435 2480 547 2557 oportet
583 2471 713 2560 (inquit)
748 2473 950 2551 ςρατεθεσθαι
985 2473 1142 2553 προθύμως
1178 2471 1344 2554 ἅπαντας,

151 2582 285 2664 χρῆσθαι
309 2580 342 2645 δὲ
365 2587 533 2661 ςρατνγοῖς
558 2579 715 2656 ἀμείνοσιν
739 2577 756 2652 ἢ
781 2577 931 2659 πρότερον.
955 2578 1153 2664 praeclarum
1180 2603 1254 2647 vero
1274 2603 1344 2649 con·

152 2688 263 2753 silium
293 2689 384 2773 qussi
414 2692 495 2752 esset
524 2692 596 2751 tum
626 2685 762 2752 Athenis
792 2691 860 2750 tom
891 2685 986 2751 facile
1016 2687 1113 2752 bonos
1136 2689 1344 2773 imperotores

153 2815 249 2880 quom
277 2799 415 2860 oratores
438 2789 598 2860 inveniret
623 2791 730 2858 Dictio
751 2811 813 2877 qne
835 2791 931 2856 homo
954 2793 1058 2857 utitur
1081 2792 1183 2858 nihilo
1207 2799 1255 2860 eet
1277 2815 1344 2860 me

151 2899 213 2966 lior
234 2899 339 2967 veluti
362 2899 464 2971 αίτίαι
491 2901 544 2964 οὐκ
569 2899 661 2971 οὔσας
686 2896 889 2974 πλασάμενος
914 2900 1004 2982 quasi
1025 2897 1110 2963 dices
1122 2902 1202 2982 ficta
1218 2900 1344 2964 crimino

153 3013 342 3083 οονιοοκεκίαο,
375 3007 563 3091 quasivero
587 3007 659 3090 quis
682 3021 766 3069 vens
790 3004 924 3068 crimine
948 3006 1148 3069 comminisci
1170 3008 1287 3089 possit,
1313 3011 1345 3072 et

153 3110 383 3194 σκορακίζονται
402 3111 454 3175 καί
476 3109 758 3191 προπηλακίζονται
777 3109 863 3189 παρα
883 3108 918 3172 τὸ
936 3116 1099 3188 προσῆκον,
1113 3109 1171 3174 ubi
1182 3110 1345 3196 plebeium

153 3223 200 3284 est
234 3215 462 3298 σκορακίζονται
499 3223 531 3282 et
563 3218 710 3302 ineptum
743 3216 831 3295 παρὰ
861 3215 896 3279 τὸ
928 3223 1092 3295 προσῆκον,
1125 3220 1215 3301 qussi
1246 3221 1346 3303 possit

153 3321 268 3409 aliquis
303 3322 387 3388 κατὰ
423 3321 457 3387 τὸ
492 3327 640 3401 προσῆκον
676 3320 969 3402 προπηλακίζεσθαι.
1005 3327 1038 3386 et
1074 3343 1147 3410 pag.
1181 3320 1256 3388 156.
1292 3322 1342 3391 14.

153 3429 237 3494 κατίι
262 3429 395 3502 πολλοὺς
419 3427 546 3509 τρίπους
570 3425 662 3493 ἕλοιτ’
687 3425 726 3492 θν
748 3425 795 3499 τιςΙ
819 3429 879 3508 οὐχ
900 3422 989 3498 ἦττον
1009 3428 1065 3501 τὴν
1086 3427 1239 3510 ἡμετέραν
1259 3431 1345 3495 εθτν-

153 3537 228 3616 χίαν
260 3535 277 3612 ἢ
312 3537 366 3610 πίον
400 3535 530 3612 ἐκείνου,
555 3535 612 3599 ubi
634 3554 798 3620 perperam
822 3536 882 3616 οὐχ
908 3529 995 3608 ἦττον
1019 3534 1101 3599 dixit
1125 3555 1181 3620 pro
1203 3540 1344 3615 μᾶλλον,

155 3642 245 3707 credo
277 3643 352 3726 quie
382 3642 441 3722 οὐχ
469 3641 560 3718 ἥκιςα
585 3641 650 3706 diei
673 3639 792 3706 sciebat
815 3661 872 3726 pro
895 3639 1031 3717 μιίλιεα.
1078 3640 1246 3708 Praetereo
1268 3643 1346 3728 quid

155 3754 202 3813 est
224 3747 327 3812 ιιιιιθθίε
349 3748 443 3812 modic
465 3750 500 3812 in
522 3746 582 3813 teli
604 3743 658 3812 rel

198 3853 364 3920 Praetereo
398 3853 555 3936 ςαζιοίζειν
588 3874 663 3940 pag.
702 3849 777 3916 157.
817 3850 869 3916 10.
905 3872 962 3939 pro
996 3851 1086 3920 ςιίσιν
1122 3851 1277 3930 ἐμποιεῖν,
1313 3857 1346 3919 et

154 3957 344 4042 ξενοτροφεῖν
368 3979 423 4046 pro
445 3960 562 4037 ξένους,
587 3957 720 4036 ξενικὸν,
742 3956 865 4040 τρέφειν
884 3963 916 4023 et
935 3979 992 4044 pro
1012 3959 1119 4024 bellum
1138 3958 1252 4022 indicit
1270 3979 1344 4046 pag.

158 4063 231 4130 157.
257 4064 311 4132 20.
337 4065 538 4146 προκνθρενκε
562 4067 612 4132 τὸν
638 4064 784 4142 πόλεμον.

200 4172 273 4238 Alio
294 4173 405 4236 insunt
428 4174 577 4237 ascribis
596 4173 711 4238 vitiato
731 4176 787 4236 eut
806 4169 1015 4256 interpolate,
1035 4189 1115 4254 quoe
1133 4191 1217 4237 nunc
1237 4172 1346 4239 ordine

157 4278 361 4362 proferemus.

200 4487 279 4577 Peg.
307 4486 382 4554 153.
406 4487 459 4554 21.
481 4492 506 4556 oi
527 4491 613 4557 κατὰ
634 4489 689 4565 τίον
710 4490 821 4557 Ἀσίαν
841 4487 1002 4570 σατράπαι
1024 4488 1194 4562 καθεςῶτες
1208 4488 1344 4573 ἔναρχος
