3356 5084
702 341 778 424 637

151 532 187 603 In
216 532 239 603 S
270 559 298 604 a.
330 555 377 625 pr.
399 559 445 605 m.
475 542 523 604 eet
553 534 591 602 θον
614 535 680 615 ἐμοί
705 537 749 614 μή
775 536 937 617 πείθήσθε,
964 541 996 603 et
1019 539 1064 617 μή
1087 543 1121 606 in
1143 533 1257 605 multis
1279 559 1342 604 non

152 643 280 731 legitur.
328 645 401 711 Non
424 650 472 710 est
494 643 709 710 Demosthene
733 642 870 731 dignum
892 645 926 708 in
950 643 1008 710 tali
1028 667 1062 712 re
1083 646 1203 712 dicere:
1223 645 1251 710 ον’
1269 645 1343 710 miss

152 773 209 814 αονι
240 750 382 834 creditis,
414 755 447 816 et
477 752 606 816 omnino
631 770 694 816 non
718 754 785 815 eret
807 769 857 814 res
879 752 1033 839 ambigua
1056 752 1095 818 de
1116 772 1179 838 qua
1201 751 1343 817 dubitari

152 863 265 943 posset.
313 855 432 923 Verum
465 877 532 923 esso
563 857 699 922 arbitror
728 853 767 920 ῖιν
791 854 856 934 ἐμοὶ
882 855 1005 932 πίθησθε
1030 879 1128 945 saque
1150 858 1248 924 verbs
1270 862 1342 945 post

152 964 320 1030 Ποτίδαιαν
343 965 571 1045 προσαφείλετο
595 965 641 1028 sic
664 963 894 1048 transponenda
918 984 984 1029 esse
1007 969 1044 1029 ut
1068 969 1152 1030 arete
1175 965 1343 1030 coniuncta

151 1089 213 1136 non
244 1069 452 1136 dirimantur:
485 1067 523 1134 θον
555 1068 620 1147 ἐμοί
650 1067 775 1143 πίθησθε
808 1069 921 1143 ε’κείνήν
953 1071 1006 1145 τήν
1038 1069 1122 1138 πίςιν
1153 1067 1339 1149 βουλήσεσθ’

151 1174 235 1258 ἔχειν
260 1177 323 1241 ari.
349 1183 387 1242 ut
409 1178 444 1241 in
465 1177 585 1242 vicinia
606 1195 680 1262 pag.
708 1172 785 1241 659.
811 1173 863 1239 14.
888 1173 927 1240 ev
952 1176 1017 1254 ἐμοί
1037 1176 1153 1257 χρήσθε
1173 1175 1340 1259 συμβούλῳ

150 1281 313 1366 φυλάξετε
337 1283 392 1357 τήν
415 1281 510 1350 πίςιν.
534 1286 567 1348 st
588 1301 662 1368 pag.
688 1278 765 1346 667.
790 1279 844 1346 20.
870 1281 920 1346 ἐπί
945 1284 1052 1347 τούτου
1077 1283 1132 1348 ε’ῖιν
1153 1282 1218 1362 ἐμοὶ
1240 1281 1340 1358 πείθή·

152 1391 203 1455 σθε
234 1390 311 1478 (leg.
346 1387 485 1478 τίθήσθε)
517 1385 716 1471 φυλάξεσθε,
749 1393 782 1454 et
811 1390 931 1474 passim
960 1387 1039 1455 alibi
1069 1409 1106 1456 eo
1139 1410 1233 1455 sensu
1267 1409 1342 1455 eum

151 1497 259 1563 futuro
283 1503 426 1583 tempore
451 1497 653 1581 componitur
676 1495 730 1559 εὀδν
754 1501 946 1575 σωφρονῆτε,
971 1495 1055 1576 είπερ
1078 1492 1112 1560 εὖ
1133 1501 1289 1578 Φρονεῖτε,
1310 1499 1343 1562 et

151 1606 222 1668 sim.
248 1622 329 1688 quae
353 1623 391 1668 ax
413 1603 484 1688 ipsa
505 1603 552 1668 roi
575 1607 689 1666 natura
711 1602 887 1667 arctissime
911 1603 1062 1690 coniungi
1085 1601 1198 1668 solent.

193 1810 273 1899 Pag.
300 1809 376 1877 659.
401 1811 432 1877 9.
455 1809 639 1877 luculentus
660 1810 749 1876 loeus
772 1812 879 1896 inepto
903 1809 1096 1876 emblemate
1118 1812 1254 1876 vitiatus
1277 1814 1337 1876 est.

151 1917 301 2006 Legitur:
334 1917 387 1981 καί
421 1919 483 1999 γὰρ
514 1918 624 1982 ἐκεῖνον
657 1915 899 2003 (Philocratem)
931 1916 1030 1997 φασίν
1063 1915 1287 1994 ἐξαπατώντων
1309 1941 1340 1982 τι

151 2031 209 2090 τῶν
240 2024 492 2100 Λακεδαιμονίαν
523 2022 575 2088 καί
608 2021 818 2104 προπεινοίνπυν
841 2022 925 2090 πίςιν
949 2019 1054 2096 ήντινα
1077 2021 1228 2100 βούλεται
1252 2037 1340 2100 λοιμ-

152 2128 276 2216 βαίνειν,
301 2131 397 2195 εῖπεῖν
420 2127 467 2194 θτι
490 2129 575 2199 πίςιν
599 2128 637 2196 ίαν
658 2127 753 2194 ιίετοιι
778 2127 919 2207 γενέσθαι
943 2127 1036 2207 redens
1061 2129 1086 2193 εί
1110 2128 1240 2208 δείξειαν
1259 2124 1340 2202 θποιο

151 2235 190 2303 θον
213 2237 329 2302 οῖδικεῖν
351 2235 524 2314 βούλωνται
549 2225 593 2314 μή
617 2235 813 2312 δυνήσονται,
838 2235 905 2300 ἐπεί
930 2230 974 2300 θτι
998 2233 1032 2313 γ’
1056 2234 1103 2300 aiei
1134 2234 1340 2313 βουλήσονται

151 2339 183 2410 εὖ
215 2341 335 2408 sitisse.
368 2339 436 2427 [ἕως
470 2342 508 2409 ἂν
539 2337 588 2408 οὖν
616 2341 762 2407 δύνανται
788 2344 871 2410 πίςιν
895 2343 948 2407 οὐκ
968 2337 1071 2426 eleas}
1095 2341 1222 2408 Ultima
1243 2342 1341 2408 rerba

151 2455 218 2515 tam
241 2452 348 2536 inepte
371 2449 552 2527 abundent,
576 2454 614 2514 ut
636 2468 656 2513 a
679 2447 821 2534 quolibet
843 2451 1067 2534 potiusquam
1089 2467 1107 2514 e
1125 2447 1339 2514 Demosthene

150 2556 272 2622 adiecta
295 2577 362 2622 esse
384 2555 565 2624 videantur.

193 2663 288 2729 Nune
318 2662 403 2749 apud
432 2663 615 2730 Dobrseum
644 2662 736 2731 video
760 2664 922 2728 annotari:
948 2661 1066 2740 „Deles
1090 2657 1144 2734 ἕως
1169 2667 1222 2726 ete.
1248 2682 1340 2746 ιιιριιε

150 2770 191 2834 ad
211 2765 322 2836 είναι.”

193 2978 275 3068 Pag.
308 2975 384 3045 661.
416 2978 450 3046 9.
480 2981 508 3046 εί
541 2979 572 3045 δὲ
600 2981 642 3062 τῷ
666 2981 722 3059 μὲν
746 2989 808 3053 τοῖς
832 2981 858 3046 δ’
884 2977 932 3056 οὔ,
956 2976 1078 3052 δικαίως
1104 2977 1340 3056 ίγκαλΕΕονσιν

149 3087 174 3150 οῖ
197 3085 243 3164 μή
266 3087 428 3168 τυχόντες.
475 3087 541 3152 Diu
564 3092 634 3173 post
658 3087 883 3154 Demosthenis
906 3091 1044 3152 mortem
1067 3089 1144 3150 nate
1167 3089 1216 3151 est
1239 3085 1342 3153 forma

148 3190 321 3270 ἐγκαλέσει.
368 3191 496 3280 Repone
520 3193 717 3273 ἐγκαλοῦσιν.
766 3191 878 3259 Evasit
900 3191 1072 3270 διαβιβᾶτε
1091 3212 1165 3280 pag.
1188 3188 1264 3259 672.
1287 3192 1339 3259 13.

192 3399 273 3490 Pag.
298 3400 375 3469 661.
401 3401 455 3468 14.
482 3403 534 3468 καί
560 3403 593 3469 πί
614 3400 774 3487 Φήσομεν,
798 3397 819 3466 ὦ
843 3399 948 3483 ἄνδρες
975 3399 1145 3478 Ἀθηναῖοι,
1170 3403 1289 3489 [καλὸν]
1315 3404 1341 3468 εί

152 3513 210 3572 σοῖν
242 3511 397 3586 Ἐλλήνων
430 3509 481 3575 ἐπ’
510 3508 663 3592 ἐλευθερία
687 3506 851 3590 προεςθναι
874 3506 1050 3588 φάσκοντες
1074 3508 1144 3581 τοὺς
1169 3509 1230 3593 ἰδίᾳ
1253 3508 1342 3574 δυναί-

149 3638 216 3691 μεις
249 3615 300 3680 ἐπί
333 3624 396 3689 τοῖς
424 3617 553 3690 πλήθεσι
578 3614 780 3693 κεκτημένους
805 3615 1035 3696 δορυφοροῦντες
1059 3613 1258 3694 φανούμεθα;
1305 3614 1342 3680 In

149 3722 295 3810 margins
314 3720 413 3789 leotor
432 3723 549 3809 aliquis
564 3720 814 3790 admirabundus
826 3721 993 3806 adscripsit
1005 3718 1109 3788 καλίν.
1133 3719 1258 3788 Habeat
1270 3720 1342 3786 sibi.

193 3928 275 4019 Peg.
306 3927 382 3996 661.
410 3929 461 4025 iil.
493 3930 592 3997 δοτέον
615 3955 645 3998 τι
669 3933 863 3996 τοιοῦτον-
881 3937 998 4014 πρῶτον
1021 3930 1078 4008 μὲν
1101 3930 1143 4012 τῷ
1166 3930 1259 4010 μηδὲν
1284 3931 1343 4007 ήδι·

148 4035 253 4113 κήκθτι
277 4036 419 4116 πιθποτε,
444 4036 581 4117 δεύτερον
605 4039 637 4103 δὲ
660 4036 727 4125 (τῷ)
754 4035 827 4114 μηδ’
851 4036 889 4102 ds
912 4036 1027 4102 ἀδικεῖν
1046 4035 1200 4114 βούληται
1221 4037 1341 4112 δυνήσο-

147 4141 245 4226 μένιρ,
278 4140 370 4208 ἔπειθ’
394 4145 433 4217 οῖς
458 4144 576 4219 santes
601 4139 663 4216 tae
688 4141 808 4209 ι’ίπασιν
831 4142 994 4224 tetresse
1018 4141 1086 4211 ἔται
1111 4142 1240 4226 φανερὸς
1266 4145 1340 4226 ὑπὲρ

147 4253 202 4313 τοῦ
231 4249 276 4328 μή
308 4251 418 4316 παθεῖν
448 4255 556 4316 ταῦτα
587 4250 794 4332 εὑρισκίαενος
826 4250 878 4316 καί
910 4251 965 4316 οὐκ
997 4249 1047 4314 ε’πί
1078 4250 1120 4331 τῷ
1153 4257 1248 4316 ποιεῖν
1271 4250 1343 4329 μετ’

147 4353 255 4426 ιίδείαο
280 4354 397 4437 ἑτέρους
420 4361 521 4429 κακῶς
548 4355 658 4440 [τούτῳ
683 4355 810 4445 tortos}
858 4357 1023 4423 Behlrerus
1046 4357 1264 4437 edisseruit,
1288 4357 1343 4424 sed

147 4481 323 4548 perperam.
369 4461 550 4528 Delendnm
575 4469 622 4530 est
645 4462 782 4548 tetresse
805 4462 837 4529 δέ
899 4461 1101 4549 Respondent
1124 4463 1186 4532 sibi
1204 4465 1288 4532 inter
1308 4486 1342 4534 se
