3356 5084
712 395 778 467 497

143 586 242 676 μένοις
266 588 325 662 τοίς
350 589 498 666 συνθήκαις
523 597 647 656 ΜΕΤΑ
668 595 727 656 τῶν
750 587 945 656 ειίδοκοθντων
969 585 1157 665 πολεμήσειν
1175 608 1232 674 pro
1252 594 1326 652 ΔΙΑ

142 701 209 761 τιῖν.
244 696 285 762 ef.
308 695 454 784 Xenoph.
479 698 600 764 Hellen.
624 695 662 762 V.
688 697 719 763 1.
744 695 798 762 31.
823 694 956 776 ότότεροι
979 693 1010 760 δέ
1034 692 1151 770 ταύτην
1174 697 1230 770 την
1253 694 1327 775 εἰρη-

142 824 190 876 mv
220 802 267 881 μὴ
299 802 443 884 δέχονται
473 801 591 878 τούτοις
622 803 683 883 eye
714 804 878 882 πολεμήσω
909 800 995 880 μετίι
1025 805 1083 866 τοῖν
1117 805 1223 866 ταῦτα
1254 798 1327 879 βου-

140 909 286 988 λιμένων.

184 1120 266 1210 Peg.
304 1119 381 1189 473.
416 1118 469 1187 13.
497 1117 567 1188 εἰτα
590 1126 695 1188 ταῦτα
720 1127 770 1189 νῦν
794 1125 818 1190 εἰ
842 1126 903 1206 χρη
927 1123 1017 1207 κύρια
1040 1119 1116 1190 εἰναι
1140 1123 1327 1198 σκοποῦμενς

139 1227 215 1294 ἀλλ’
247 1229 261 1293 ό
288 1227 381 1308 λόγος
406 1233 520 1311 πρῶτον
544 1215 672 1310 αἰσχρός
701 1227 776 1317 [τοῖς
800 1231 1029 1317 σκοπουμένοις]
1053 1229 1081 1296 εἰ
1102 1252 1148 1302 τις
1173 1226 1329 1294 σίκοθσειεν

139 1336 176 1410 ιίς
215 1335 368 1410 Ἀθηναῖοι
405 1340 567 1402 σκοποῦσιν
602 1337 627 1401 εἰ
659 1337 720 1416 χοί
753 1336 823 1409 τοὺς
854 1337 1019 1419 εὐεργέταις
1051 1337 1104 1402 έῖιν
1134 1334 1178 1402 τσί
1204 1331 1328 1399 δοθέντα

140 1440 241 1521 ἔχειν·
274 1442 378 1508 πθλαι
408 1442 472 1525 γίιρ
503 1441 651 1522 έσκέφθαι
683 1448 790 1510 ταῦτα
821 1443 872 1508 καί
905 1444 1054 1523 έγνιῖσθαι
1085 1449 1243 1524 προσῆκεν.
1292 1436 1329 1502 Si

139 1555 203 1622 τοῖς
234 1549 449 1628 σκοπουμένοις
483 1549 636 1617 deleveris
666 1552 774 1616 omnia
800 1549 894 1636 plnne
918 1557 1009 1636 eunt.
1041 1553 1056 1614 ό
1087 1549 1179 1628 λόγος
1214 1551 1328 1626 πρῶτον

141 1653 272 1737 αἰσχρός
304 1653 464 1744 signifieat
494 1655 610 1739 πρῶτόν
640 1656 702 1725 θειν
732 1657 860 1737 αἰσχρόν
887 1657 938 1722 καί
963 1655 1078 1735 λέγειν.
1124 1654 1197 1722 Νοιι
1221 1655 1329 1718 minue

139 1765 282 1830 animose
305 1762 386 1827 djxit
407 1783 480 1851 pag.
507 1760 582 1828 468.
608 1761 640 1826 1.
663 1757 718 1827 εἷθ’
745 1763 831 1842 ὑμεῖς
856 1759 901 1827 ἔτι
921 1769 1065 1829 σκοπεῖτε
1088 1763 1114 1828 εἰ
1137 1762 1198 1844 χρίη
1221 1763 1327 1826 τοῦτον

141 1869 309 1950 ἐξαλεῖψαι
335 1868 387 1934 καί
411 1871 444 1935 σθ
467 1867 572 1936 πόλαι
595 1867 824 1956 βεβούλευσθε;

184 2080 267 2168 Peg.
299 2075 375 2145 473.
405 2077 460 2144 21.
484 2076 513 2144 εἰ
534 2102 580 2151 τις
605 2077 733 2152 ἐκείνους
757 2078 827 2152 τοὺς
852 2081 973 2160 καιροὺς
995 2079 1121 2146 ἸΔΩΝ
1146 2079 1162 2156 ἢ
1188 2079 1327 2159 παρίινίἰ

139 2211 217 2261 τινος
249 2184 361 2258 εἰδότος
394 2182 551 2263 διεξιόντος
583 2185 732 2258 οἰκούσας.
786 2184 875 2252 Haec
904 2189 951 2252 na
974 2186 1124 2253 dicuntur
1146 2189 1235 2272 quasi
1257 2187 1329 2272 quie

140 2293 264 2359 duobue
296 2291 401 2358 medie
430 2290 488 2357 ffla
519 2296 662 2378 tempore
687 2291 788 2357 videre
811 2295 951 2378 potuerit
973 2293 990 2369 ῖ
1012 2294 1115 2376 παρὼν
1138 2293 1155 2370 ἢ
1179 2290 1327 2366 οῖκοθσας.

140 2401 232 2483 Quod
255 2419 356 2486 quum
380 2400 423 2463 eit
446 2397 619 2464 absurdum
642 2418 698 2484 pro
722 2394 789 2463 ῖδθν
813 2420 852 2464 ex
875 2397 1036 2465 nonnullis
1057 2397 1149 2464 libris
1171 2395 1256 2470 εῖδός
1279 2403 1327 2464 eet

138 2505 384 2574 restituendum.
431 2503 531 2591 Saepe
562 2503 644 2579 εἰδώς
676 2509 708 2570 et
738 2503 821 2590 ἰδθν,
854 2504 966 2580 εἰδότες
997 2511 1029 2572 et
1055 2503 1167 2578 ἰδόντες
1189 2506 1273 2572 inter
1296 2525 1329 2570 ee

138 2618 269 2682 mutant
291 2611 411 2679 locum.

183 2824 265 2913 Png.
300 2821 376 2892 475.
410 2820 461 2889 15.
492 2821 521 2887 εἰ
542 2845 681 2894 τινες-
698 2821 889 2904 παραδώσειν
912 2822 997 2890 αὐτὸ
1020 2823 1267 2903 ἐπαγγείλαιντο
1286 2863 1326 2874 -

141 2931 195 2998 καί
225 2955 305 3005 τινες
336 2928 449 2996 τοθτινν
478 2927 667 3006 ἀντιλέγοιεν
696 2930 802 3000 αὐτοῖς
834 2931 952 3014 [ταῦτα
984 2929 1145 3016 λέγοντες]
1175 2932 1214 3002 εἰς
1238 2929 1329 2996 δεινόν

141 3037 247 3111 εἰτινες
276 3035 359 3116 μόνοι
390 3043 449 3102 τῶν
481 3033 586 3101 σίλλιον
618 3035 765 3112 μετοίκιον
796 3035 841 3114 μη
863 3044 1035 3118 χορηγοῖεν.
1081 3037 1200 3105 Reeeee
1222 3043 1328 3104 ταῦτα
1437 3049 1443 3064 ’

141 3145 306 3232 λέγοντες,
330 3146 406 3230 quie
426 3145 505 3210 haee
525 3144 594 3228 ipen
616 3143 704 3208 notio
727 3143 811 3208 inest
833 3144 867 3207 in
889 3142 1088 3223 ἀντιλέγοιεν.

183 3354 265 3443 Png.
304 3350 381 3420 477.
417 3350 449 3418 2.
484 3350 669 3429 μέλλων-
685 3351 744 3426 τοίς
780 3351 943 3436 χοίριΤΑΟ
978 3356 1051 3437 παρ’
1087 3355 1169 3434 ὑμεῖν
1199 3357 1328 3431 αἰπίεους

139 3457 227 3540 ἕξειν.
285 3459 434 3545 Repetite
473 3457 598 3546 syllaba
632 3459 834 3526 scribendum
868 3459 928 3534 τοίς
961 3459 1099 3543 χοίριτας
1134 3471 1222 3528 TAc
1255 3467 1329 3545 παρ’

140 3568 232 3647 ὑμῶν.
279 3565 426 3652 Namque
461 3570 516 3632 eut
549 3566 595 3630 sie
628 3585 737 3631 omnes
772 3567 918 3633 dicebant
952 3573 1009 3633 aut
1043 3567 1102 3642 τοίς
1137 3571 1209 3651 παρ’
1246 3571 1327 3650 ὑμῶν

139 3672 290 3758 χοίριτας.

184 3885 265 3972 Peg.
301 3877 376 3947 478.
410 3879 464 3945 20.
497 3878 548 3945 καί
579 3878 640 3959 μην
671 3879 731 3947 οὐδ’
762 3881 854 3946 έκεῖνο
890 3880 985 3946 καλόν
1018 3880 1117 3962 ζῶντα
1151 3882 1208 3963 μὲν
1237 3887 1330 3952 αὐτόν

142 3989 329 4080 (Uononem)
354 3985 428 4054 οὕτω
450 3990 546 4064 τιμοῖν
566 3984 623 4056 ὥτε
642 3985 790 4053 τοσούτου
813 3985 886 4076 όσιον
907 3985 1064 4063 οἰκηκόατε
1085 3986 1204 4069 οἰξιοῖιν,
1225 3992 1328 4069 έπειδίη

140 4099 171 4165 δὲ
204 4093 410 4170 τετελεύτηκε
443 4092 613 4178 [μηδεμίαν
644 4093 863 4172 ποιησαμένους
888 4102 1078 4160 ΤΟΤΤΩΝ
1102 4095 1225 4182 μνείαν]
1249 4099 1331 4181 οἰφε-

141 4203 248 4271 λέσθαι
281 4225 311 4267 τι
339 4205 397 4266 τῶν
421 4200 562 4266 δοθέντων
584 4197 669 4266 τότε.
716 4199 821 4267 Aeute
844 4200 929 4268 vidit
950 4200 1114 4268 Dobraeus
1136 4206 1243 4290 spuria
1266 4227 1332 4273 esee

140 4311 239 4380 verba
270 4306 427 4387 μηδεμίαν
446 4345 489 4357 -
509 4305 618 4386 μνείαν
650 4310 690 4372 et.
714 4305 797 4373 unde
828 4307 1012 4393 irrepserint
1038 4308 1193 4388 ostendit,
1218 4332 1332 4400 nempe

142 4441 179 4485 ex
213 4437 286 4504 pag.
322 4413 398 4482 471.
432 4412 462 4478 5.
491 4408 548 4477 εἰτ’
574 4412 627 4477 οιίκ
651 4411 864 4492 αἰσχυνόμεθα
887 4415 956 4487 τοὺς
980 4419 1033 4481 τοῦ
1057 4413 1192 4481 τοιοθτου
1215 4419 1332 4493 παῖδας

144 4525 169 4592 εἰ
194 4522 354 4603 μηδεμίαν
374 4518 573 4598 ποιησόμενοι
595 4519 708 4585 τούτων
727 4519 853 4599 μηδενός
873 4522 995 4599 μνείαν,
1015 4523 1201 4606 οἰφηρημένοι
1220 4525 1335 4607 φανοθ·

1158 4632 1191 4678 οι
