3304 5090
720 391 787 460 eis

151 603 235 669 quse
268 581 325 647 eiii
357 580 394 646 de
417 581 598 664 ραιοαθίθιιι
629 579 713 646 dictu
746 582 957 666 accipiebant.
988 577 1032 648 ‘de
1055 582 1159 668 ριοοίι
1187 581 1261 665 ulii,
1293 577 1349 648 sed

154 687 305 770 ἕπεσθαι,
335 687 368 752 id
400 692 449 753 est
479 690 671 764 excercitio,
702 686 793 752 nullo
818 687 881 754 elio
904 709 998 755 sensu
1021 691 1121 775 uccipi
1144 695 1263 776 potest,
1287 690 1351 754 nisi

150 801 192 860 ut
222 794 266 858 τδι
301 791 387 858 ἔεδνα
418 813 534 860 norem
557 800 692 880 nuptum
714 801 877 880 ιεριοοαθαο
900 801 932 860 st
954 797 989 860 in
1010 799 1119 862 mariti
1142 795 1273 862 domum
1298 794 1350 860 de·

153 901 309 968 seruntur.
354 899 475 966 Eodem
507 905 554 966 est
587 903 771 966 etiamnunc
803 899 947 989 vulgaris
980 904 1086 988 opinio
1117 901 1188 968 ἕδνα
1218 901 1257 967 de
1282 901 1349 964 dcte

152 1027 281 1092 quoque
312 1006 397 1092 apud
416 1005 597 1072 Homerum
622 1005 686 1070 dici
709 1004 825 1070 solere:
850 1007 905 1072 sed
928 1010 1123 1093 quicumque
1146 1007 1348 1074 testimonie,

152 1133 236 1199 quse
247 1133 345 1198 supre
356 1114 473 1197 scripte
484 1117 575 1188 sunt,
589 1110 760 1198 diligenter
772 1112 1017 1180 consideraverit
1029 1114 1118 1179 dubit
1128 1115 1225 1192 mihi,
1239 1111 1347 1195 credo,

151 1219 198 1284 τὰ
229 1216 303 1284 ἕδνα
329 1239 391 1284 non
413 1225 484 1290 ταῖς
509 1216 685 1298 παρθένοις,
710 1224 782 1310 ταῖς
805 1218 1040 1299 γαμουμέναις,
1065 1229 1136 1295 ταῖς
1159 1215 1349 1299 μνκςευομὲ·

153 1350 222 1398 ναις
257 1324 338 1391 dono
372 1325 457 1402 deri,
493 1325 548 1390 scd
578 1332 642 1396 τοῖς
672 1329 732 1389 τῶν
763 1324 991 1402 μαντευομένων
1024 1325 1177 1407 παρθένιον
1208 1324 1347 1404 πατροίαι

153 1439 189 1500 et
219 1436 326 1520 potres
347 1451 420 1496 sues
442 1429 525 1496 filins
546 1430 598 1496 illi
620 1431 744 1496 tradere
767 1425 829 1504 ύτις
853 1429 1039 1513 παραβάλλοι
1061 1431 1210 1504 ἅπαντας
1233 1439 1348 1512 μνςςιρ.
1458 1449 1463 1458 ·

153 1563 211 1620 ραις
235 1537 380 1618 δώροισιν,
403 1537 438 1602 id
460 1542 509 1602 est
530 1536 581 1601 iili
604 1541 657 1622 qm·
679 1537 808 1602 dedisset
824 1538 1009 1623 ρίαιίαιοιιιιτ
1034 1541 1143 1625 itaque
1166 1559 1230 1604 uno
1252 1539 1349 1604 verbo

153 1651 263 1733 potres
286 1665 358 1711 sues
381 1642 462 1710 filius
486 1661 633 1710 susum
656 1651 720 1716 τοῖς
746 1642 853 1717 ίίδνοις
878 1650 911 1710 et
933 1665 1043 1730 procos
1066 1647 1125 1710 τῶν
1146 1643 1235 1712 ἕδνων
1258 1647 1348 1726 ὑπερ-

153 1754 238 1834 βολῇ
262 1750 404 1838 puellum
426 1771 445 1815 u
467 1755 556 1836 petre
579 1771 638 1816 suo
661 1767 778 1816 mou.
825 1750 862 1816 In
886 1750 959 1818 suls
981 1751 1239 1819 Ptolemaeorum
1266 1755 1350 1818 iuter

154 1863 349 1946 purpuratos
372 1857 411 1924 de
433 1855 490 1922 illo
513 1877 601 1922 more
624 1859 843 1942 antiquitatis.
868 1859 924 1942 qui
944 1857 1023 1924 olim
1043 1859 1203 1944 plurimus
1219 1862 1255 1924 in
1273 1860 1351 1925 Asin

155 1972 191 2032 et
212 1965 294 2030 slibi
314 1961 394 2030 locis
416 1969 585 2030 consuetus
609 1964 731 2040 iuerat,
757 1964 920 2050 cogitabat
938 1984 1040 2029 nemo.
1078 1963 1216 2050 Sponsae
1235 1965 1351 2031 mittere

154 2093 282 2136 νικκοπο
312 2075 345 2135 et
374 2070 527 2154 οροαιοίία
560 2070 638 2134 ύοιια
658 2068 736 2154 quid
759 2074 841 2144 essct
861 2069 958 2155 probe
981 2076 1150 2146 noverunt,
1175 2069 1230 2136 sed
1249 2068 1350 2136 filium

155 2179 313 2244 armentis
336 2180 369 2242 et
391 2175 544 2264 gregibus
567 2175 773 2258 (νομίσματος
799 2174 881 2240 ούπυ
906 2174 1079 2256 εύριςμίνου)
1103 2182 1233 2262 epatre
1261 2198 1353 2240 οιαοια

155 2284 236 2372 quid
268 2287 351 2349 esset
380 2303 558 2368 numquam
583 2283 780 2347 audiverunt.
828 2281 889 2348 Sed
912 2281 1100 2348 Aristoteles
1123 2283 1157 2348 id
1180 2282 1276 2368 probe
1299 2302 1353 2348 no·

155 2395 267 2473 versi,
292 2391 349 2475 qui
371 2390 482 2454 scribit
507 2391 542 2454 in
564 2388 663 2454 Potiu.
688 2387 730 2453 H.
752 2409 818 2474 esp.
842 2387 870 2452 5.
893 2387 963 2460 τοὺς
982 2389 1133 2469 οίρχοιίους
1153 2387 1260 2466 νίμους
1281 2387 1353 2451 λίοιν

156 2499 280 2568 οίπλοῦς
311 2491 388 2560 εἶναι
420 2494 472 2559 καί
505 2494 734 2574 βαρβαρικούς·
769 2493 1030 2575 ίαιδιςροΦορούνπο
1060 2495 1122 2577 ροδρ
1154 2496 1179 2560 οί
1200 2495 1353 2568 Ἕλλανες

155 2605 213 2670 καί
236 2604 297 2674 τοὶς
321 2610 475 2681 γυναῖκας
500 2607 762 2668 ἘΩΝΟΤΝΤΟ
788 2604 863 2680 παρ’
887 2602 1044 2676 οίλλιίλοον.
1093 2600 1147 2667 Βία
1170 2604 1274 2690 igitur
1292 2601 1353 2666 for-

154 2729 268 2777 mosus
299 2707 425 2795 puellae
453 2726 516 2772 non
547 2709 610 2772 sibi
641 2712 730 2772 erunt
761 2707 986 2790 ἀλφεσίβοιαι,
1018 2707 1072 2774 sed
1102 2709 1248 2794 putribus
1275 2709 1351 2772 suis.

157 2817 247 2884 Audi
269 2819 396 2902 pobtsm
421 2813 535 2902 Odyss.
560 2827 600 2880 A.
626 2811 704 2879 287.

297 2920 426 2986 τοῖσιδ’
451 2920 503 2985 ἐπ’
528 2921 658 3001 ίφίίμιςν
683 2921 771 2999 Παρία
794 2917 866 2984 τέκε
890 2919 1000 2996 θαῦμα
1022 2919 1175 2999 βροτοῖσι,

298 3030 353 3102 τίςν
376 3027 493 3099 πάντες
518 3027 649 3104 μνώοντο
671 3025 864 3106 περικτίται·
889 3024 957 3091 ούδὲ
980 3049 1009 3090 τι
1035 3025 1157 3100 Νηλεύς

298 3135 342 3214 τῷ
365 3133 461 3199 ίδιδου
484 3129 515 3205 ὃς
540 3134 584 3211 μδς
608 3129 715 3205 ἕλικας
740 3131 814 3209 βοῦς
839 3131 1067 3211 εὐρυμετώπους

300 3241 334 3305 ἐκ
358 3248 503 3315 Φυλακῆς
527 3239 651 3304 ίλοθτειε
675 3240 747 3318 βίιςς
773 3237 974 3318 Ἰφικληείης.

161 3350 284 3434 optime
306 3345 481 3412 Pausanias
504 3345 543 3412 de
567 3365 604 3411 ea
626 3366 660 3410 ro
682 3347 727 3410 sic
753 3344 865 3410 scribit
887 3342 942 3409 lv.
965 3342 1018 3409 36.
1039 3343 1071 3410 2.
1095 3343 1217 3416 ccciccc
1235 3345 1298 3424 γὰρ
1319 3345 1354 3420 δίς

162 3457 222 3526 πίας
255 3453 331 3531 βοῦς
365 3453 489 3526 Νηλεὺς
519 3452 654 3517 ἘΔΝΛ
687 3452 738 3516 ἐπί
771 3460 810 3532 τῇ
834 3451 962 3528 θυγατρί
989 3449 1054 3532 first
1080 3449 1149 3520 τοὺς
1172 3451 1354 3529 μνωμένους.

163 3556 267 3642 Quid?
295 3563 428 3644 putesne
451 3557 589 3624 Neleum
611 3559 746 3622 eximius
767 3577 806 3622 ex
830 3555 995 3621 Thessalis
1015 3555 1113 3623 boves
1135 3556 1250 3642 iphicli
1273 3555 1358 3622 filiee

163 3687 240 3732 susc
263 3673 371 3752 petere
394 3686 433 3731 en
456 3664 572 3729 sibimet
595 3663 677 3746 ν’ροθί
701 3663 838 3728 Minime
862 3662 1032 3728 obscurum
1057 3663 1116 3728 hoc
1140 3663 1270 3747 quidem
1289 3669 1356 3739 est,

164 3779 197 3840 et
218 3771 395 3839 Puussnios
418 3771 533 3837 diserte
556 3771 574 3855 ᾖ
598 3769 628 3834 3.
654 3768 778 3844 Νηλεὺς
799 3767 942 3847 γενέσθαι
961 3768 988 3833 οί
1007 3768 1083 3846 βοῦς
1104 3767 1277 3845 ἐπεθύμησε
1297 3767 1357 3841 τοὶς

164 3879 327 3960 Ἰφίκλου,
352 3884 384 3943 et
402 3879 447 3943 sic
467 3876 683 3964 pulcherrimo
700 3874 881 3962 puellarum
903 3874 982 3940 Pero
1001 3876 1178 3960 patrisso,
1198 3875 1354 3950 nonsibi,

165 3983 458 4067 tribunorumue.
504 3983 594 4050 Haeo
617 3983 680 4048 sibi
703 3988 794 4069 peter
814 3978 885 4047 ἕδνα
910 3980 960 4046 ἐπί
984 3991 1023 4064 τῇ
1048 3979 1176 4062 θυγατρί
1202 3980 1299 4053 αίπεί,
1325 3985 1358 4044 et

164 4113 229 4158 uno
257 4092 354 4159 verbo
385 4091 594 4156 ἑεδνοῡται
625 4091 681 4165 τίνι
713 4087 887 4167 θυγατέρα,
918 4087 953 4153 id
983 4092 1030 4154 est
1061 4086 1111 4151 ίπί
1142 4085 1258 4160 τούτοις
1293 4093 1356 4158 τοῖς

167 4196 258 4270 ἕδνοις
301 4200 356 4273 τὴν
393 4195 550 4277 θυγατέρα
584 4199 627 4277 τῷ
662 4203 791 4275 μνιςτιῑρι
826 4195 953 4261 δίδωσιν.
1012 4193 1098 4262 Hinc
1130 4195 1223 4259 uxori
1255 4193 1357 4258 iratus

165 4307 323 4387 Ἥφαιςος
347 4302 461 4390 Odyss.
487 4313 525 4369 Θ.
553 4301 617 4369 317
642 4305 689 4368 ite
712 4302 807 4367 dicit:

485 4410 574 4476 οίλλοί
597 4418 685 4491 σφωε
709 4407 794 4481 δίλος
818 4407 872 4472 κοιί
896 4405 1009 4482 διαμδς
1034 4403 1147 4484 ἐρύξει,

306 4517 404 4584 ιίαίκι
429 4540 481 4596 μοι
504 4517 597 4596 μοίλοο
622 4515 730 4582 ποίυτα
755 4517 857 4595 πατίςρ
881 4513 1031 4594 ιίποδῷαιν
1055 4509 1160 4589 ἔεδνα,
