3356 5086
719 335 785 458 311

160 531 229 592 eet:
259 526 307 592 καὶ
333 527 383 592 iri
409 526 517 609 κτέρεα
542 529 711 610 κτερεΐΖω,
735 501 768 598 e't
791 533 991 600 contenderet
1014 531 1129 620 aliquis
1152 537 1272 619 optime
1295 535 1341 602 nic

159 637 268 712 scribi,
290 655 426 720 namque
449 657 515 703 eeee
536 659 675 721 μναοιοιιι
690 661 750 721 pro
764 639 905 723 futoro?
927 638 961 704 Si
984 639 1065 704 soret
1087 641 1122 704 in
1144 643 1236 706 terrie
1258 642 1339 708 ride

159 745 211 804 ret
239 741 434 806 Aristarchus
457 748 489 806 et
512 744 660 823 κτερεΐΞω
683 751 856 829 reponeret.
891 743 954 810 Sed
978 765 1051 819 cur,
1077 765 1206 830 quaeso,
1232 749 1340 812 minue

159 847 300 930 ineptum
334 852 382 912 est
409 870 552 930 praecone
582 871 636 932 pro
657 851 772 935 futoro
801 853 835 914 in
862 851 946 932 χεύω
976 871 1072 935 quam
1103 853 1138 915 in
1169 850 1340 932 κτερεῖΖωύ

158 947 295 1016 Dindorf.
320 952 359 1017 de
381 952 485 1032 χεύσω
510 957 685 1042 cogitavit.
707 962 745 1020 ut
764 955 876 1042 Odyee.
898 967 936 1021 Α.
955 954 1020 1020 291
1042 962 1089 1021 eet
1108 955 1226 1042 duplex
1245 955 1340 1022 lectio

159 1061 252 1134 χεῦαι
281 1063 312 1122 et
340 1063 468 1136 χεῦσαι.
506 1059 568 1126 Sed
597 1063 631 1125 in
657 1061 767 1127 sonnis
798 1063 937 1147 antiquie
965 1063 1022 1127 ubi
1045 1061 1153 1128 eubeet
1176 1063 1341 1149 digamma

160 1168 217 1228 aut
232 1163 370 1246 eimplcr,
388 1169 427 1228 ut
444 1167 478 1229 in
497 1165 643 1244 ἀλέαιτο,
661 1167 831 1242 ἀλέασύαι,
853 1173 909 1232 aut
927 1170 1055 1252 duplex,
1076 1147 1113 1233 ut
1131 1171 1165 1232 in
1184 1167 1337 1240 ἀλεύατο,

162 1267 287 1345 ἀλευαι,
311 1267 442 1342 σεύατο.
466 1269 584 1350 ἐχευα,
609 1272 683 1338 addi
703 1281 726 1338 C
745 1294 807 1339 non
826 1279 940 1358 potest.
971 1275 1101 1339 Ρτοντιιε
1120 1274 1246 1338 barbara
1265 1278 1340 1338 eunt

161 1381 275 1457 xricar
306 1395 363 1460 pro
396 1379 508 1461 χεῦαι,
541 1381 573 1442 et
603 1373 741 1442 ἀλευοαι
771 1399 828 1464 pro
857 1376 981 1445 ἀλευαι.
1025 1379 1159 1445 Perinde
1183 1383 1230 1445 eet
1253 1399 1289 1444 ac
1312 1380 1339 1444 si

162 1485 229 1568 quie
246 1481 381 1549 ἀττικιτύ
395 1479 494 1546 vellet
512 1479 616 1561 ἐχεία
634 1483 735 1550 dicere
753 1504 810 1569 pro
830 1482 920 1564 ἐχεα.
954 1483 1044 1565 Quod
1064 1489 1172 1551 autem
1191 1483 1337 1550 Dindorf.

163 1589 300 1672 opinatur
332 1588 487 1668 ,χεύομεν
509 1587 621 1672 futuri
651 1589 871 1673 ripaificaiiooe
897 1591 1007 1655 ύύούιιιιι
1039 1613 1100 1656 carc
1131 1590 1219 1654 etiam
1244 1588 1335 1654 Iliad.

164 1700 197 1756 Η.
220 1691 290 1757 336.

263 1797 385 1876 τύμβον
409 1798 435 1862 δ’
458 1799 544 1878 ἀμφὶ
569 1801 662 1879 νευρήν
686 1797 739 1864 ἕνα
761 1801 940 1881 χεύομεν
964 1799 1206 1879 {inparium-'¹

163 1904 240 1992 fugit
269 1925 344 1968 eum
376 1907 468 1969 ratio.
508 1903 671 1989 Inspectus
699 1904 787 1970 iocus
815 1909 925 1972 statim
948 1905 1116 1991 patefaciet
1139 1925 1247 1971 omnes
1270 1924 1336 1969 enee

162 2011 346 2074 coniunctiui
371 2011 502 2075 eouetoe
526 2012 719 2087 κυκλήσομεν
740 2049 780 2059 -
802 2011 1001 2088 κατακήομεν
1020 2008 1261 2090 -χεύομεν-
1275 2007 1334 2072 δεύ-

162 2137 253 2192 μιμεν
274 2153 317 2164 -
339 2117 501 2193 ποιήσομεν
523 2154 566 2165 -
583 2115 744 2196 ὀρύξομεν,
768 2117 852 2201 quod
876 2118 903 2181 si
925 2116 1006 2182 forte
1027 2117 1062 2179 in
1085 2116 1213 2180 caeteris
1236 2114 1335 2179 ambi-

160 2240 256 2306 guum
280 2226 363 2285 eeeet
386 2224 500 2305 poerit,
525 2225 559 2287 in
584 2223 781 2298 κατακήομεν
805 2227 838 2287 et
861 2221 1004 2299 δείμομεν
1027 2241 1076 2286 ree
1094 2226 1141 2285 eet
1158 2218 1335 2284 manifesta.

198 2325 424 2410 Praeterquam
455 2330 490 2390 in
520 2328 571 2392 hie
600 2329 663 2392 tria
693 2332 768 2392 eunt
799 2327 883 2411 apud
905 2325 1083 2392 Homerum
1105 2325 1202 2390 verbe
1223 2325 1257 2388 in
1280 2323 1333 2388 -ύω

155 2429 328 2515 penultima
351 2431 459 2508 brevi,
482 2431 539 2497 ubi
564 2440 587 2497 C
611 2439 777 2496 constanter
799 2435 833 2496 in
855 2431 963 2497 futuro
986 2431 1134 2515 eliditur,
1158 2435 1196 2494 ut
1218 2431 1252 2493 in
1275 2451 1334 2506 γα-

155 2535 233 2614 μέω,
258 2535 375 2611 τελέω,
400 2535 502 2603 καλέω
527 2539 728 2623 caeterisque.

194 2642 310 2722 Ἑερύω,
340 2641 375 2705 id
399 2647 446 2707 eet
468 2639 567 2720 ἕλκω,
592 2643 688 2708 habet
710 2643 828 2728 ubique
841 2643 988 2728 saturum
1010 2640 1096 2720 οερύω
1121 2646 1153 2706 et
1175 2641 1210 2704 in
1231 2639 1334 2705 forme

153 2747 254 2813 medie
276 2747 436 2828 οερύεσύαι.
463 2747 635 2832 eademque
659 2752 706 2812 eet
729 2750 810 2813 ratio
836 2750 871 2811 in
884 2748 1012 2831 sutorio
1034 2746 1135 2824 ἀνύω,
1160 2744 1275 2822 ἐξανύω
1299 2751 1331 2810 et

154 2853 264 2931 τανύω,
288 2853 429 2918 ἐντανύω.
450 2853 578 2938 despice
597 2858 741 2938 poetam,
759 2852 843 2930 λαβέ
863 2851 898 2916 τὸ
917 2851 1053 2928 βιβλίον.
1078 2851 1169 2917 iliad.
1191 2861 1231 2917 O.
1254 2847 1330 2916 351.

532 2959 620 3024 ἀλλά
645 2958 731 3030 κύνες
754 2957 946 3038 υερύουσι.

195 3071 237 3130 Λ.
269 3061 346 3128 454.
379 3064 453 3128 ἀλλ’
482 3063 572 3129 οἰωνοὶ
602 3063 721 3142 dcccc>
755 3063 968 3143 εερύουσιν.
991 3061 1082 3127 iliad.
1108 3071 1144 3126 X.
1170 3059 1223 3129 67.
1248 3061 1333 3132 κύνες

155 3207 195 3218 -
215 3169 336 3248 ύμκςαὶ
369 3170 577 3248 σερύουσιν.
603 3179 636 3234 Ρ.
661 3168 736 3234 234.
762 3167 889 3234 οέλοσετο
914 3166 1006 3244 ύυμύς
1029 3166 1144 3247 Νεκρύν
1167 3167 1218 3232 ὑπ’
1242 3166 1333 3233 Αἶαν-

154 3299 200 3347 τος
224 3274 384 3355 εερύειν.
410 3284 443 3340 Ξ.
470 3273 546 3339 422.
572 3273 747 3352 σελοτύμενοι
770 3273 990 3353 σερύεσύαι.

194 3379 353 3446 Futurum
377 3378 492 3456 ἐξανύω
516 3379 565 3444 bie
587 3379 709 3468 legitur
730 3379 820 3446 iliad.
845 3387 886 3443 Λ.
911 3377 987 3444 365.
1012 3383 1044 3444 et
1066 3388 1105 3445 T.
1132 3376 1208 3446 452.

330 3480 348 3558 ή
372 3484 422 3560 ύήν
446 3487 476 3548 τ’
500 3485 643 3561 ἐξανύω
668 3485 781 3564 γεκαὶ
806 3483 909 3566 ύςερον
931 3485 1153 3562 ἀντιβολήσας.

155 3591 191 3656 ad
211 3595 384 3675 utrumque
405 3589 513 3656 locum
537 3596 720 3657 annotatur:
746 3589 790 3659 ἐτι
814 3590 845 3655 δὲ
870 3589 976 3668 incedo
1001 3589 1069 3654 ἀντὶ
1093 3588 1269 3667 μέλλοντος.

196 3696 342 3762 Tertium
369 3696 514 3763 futurum
538 3703 586 3762 eet
609 3696 709 3761 τανύω
733 3702 765 3762 et
789 3695 932 3760 ἐντανύω.
969 3693 1082 3782 Odyee.
1107 3703 1132 3759 Φ
1158 3693 1233 3762 174.
1257 3699 1331 3761 ἀλλ’

155 3799 241 3867 ἄλλοι
264 3800 491 3880 τανύουσιν,
516 3807 549 3867 et
570 3821 617 3867 ve.
642 3799 697 3866 92.

780 3907 814 3972 ού
836 3906 899 3986 pap
923 3907 971 3972 ἀΐω

350 4012 468 4096 ρ’κῖδύως
492 4011 560 4078 τόδε
583 4009 669 4088 σύξον
694 4011 792 4089 ἐύξοον
816 4011 1095 4076 ἐντανύεσθαι.

154 4119 206 4184 aed
228 4141 298 4186 ecce
321 4123 449 4204 apparet
469 4118 571 4182 forma
594 4119 771 4182 iocantem
795 4115 906 4203 Odyee.
933 4127 969 4183 Φ.
995 4115 1048 4183 97.
1073 4122 1105 4183 et
1130 4115 1205 4185 127.

290 4224 416 4288 ἐύλπειν
439 4224 555 4300 Νευρήν
579 4223 756 4286 ἐντανύΕειν
779 4222 953 4290 traintem
977 4229 1012 4286 τε
1036 4221 1161 4301 σίδαρον.

198 4327 282 4408 Quid
311 4325 483 4393 faciemus?
512 4329 589 4408 Quia
618 4327 748 4392 audebit
780 4337 802 4391 C
834 4347 1014 4414 expungere
1044 4323 1123 4399 ἀσωο
1147 4327 1181 4391 τὸ
1206 4328 1334 4409 διηνεκὲς

155 4429 329 4517 percepti?
353 4433 542 4500 'limidioree
564 4435 598 4496 in
620 4431 678 4496 toli
702 4453 734 4496 re
758 4427 869 4497 Oritici
893 4453 960 4497 enee
983 4433 1085 4499 solent
1108 4440 1141 4499 et
1164 4435 1266 4502 audax
1289 4441 1334 4510 fo-
