3356 5084
742 321 808 398 523

181 515 355 606 supposuit.
392 511 438 581 Ut
459 537 551 602 saepe
572 516 690 584 κελεύει
713 524 746 585 et
764 521 886 587 ε’κέλενε
907 522 1026 586 scimur
1043 519 1230 608 interpolari
1252 516 1369 604 colere,

182 629 227 691 nic
249 627 350 690 etiam
372 643 604 708 supervacuum
627 623 775 706 ε’νθμιζεν,
801 629 924 706 ἡγεῖτο,
950 625 1023 709 ᾤετο
1044 630 1178 694 orationi
1196 626 1370 692 indirectae

183 731 273 797 scioli
295 729 417 795 addunt
440 729 478 795 de
499 750 567 796 nuo,
604 720 726 798 Pendet
749 733 809 797 δεῖν
833 755 871 798 ex
894 732 1093 819 praecedenti
1116 735 1223 812 ἠγεῖτο
1245 735 1280 796 in
1300 751 1369 797 ver·

183 838 249 903 bis:
276 833 396 900 ἔσεσθαι
421 835 552 908 πολλοὺς
577 839 718 918 πονηροὺς
743 841 865 916 ἡγεῖτο,
885 877 926 886 -
943 838 1013 911 τοὺς
1039 837 1160 911 ἰδιώτας
1183 841 1216 903 οὐ
1245 836 1368 912 δυνήσε-

184 944 252 1009 σθαι
271 979 315 992 -
331 941 510 1020 λαμβάνειν
539 941 632 1015 δίκην.
664 943 725 1008 δεῖν
756 945 788 1009 δέ
819 945 936 1021 μηδένα
967 944 1180 1025 άποτερεῖσθαι
1205 950 1259 1010 τοῦ
1283 942 1367 1017 δι’κης

184 1072 304 1130 τοχειν.

228 1304 308 1392 Pag.
339 1301 415 1369 602.
450 1303 503 1370 12.
536 1306 553 1380 ιῖ
578 1303 672 1380 δεῖξον
695 1307 728 1370 οὕ
752 1305 940 1381 πεπονηκότα
963 1311 1067 1372 ταῦτα
1091 1306 1218 1371 σεαυτὸν
1244 1305 1261 1380 ἢ
1286 1303 1370 1381 δίκην

187 1408 287 1493 ὕπεχε
317 1419 356 1476 ΕΙ
380 1409 551 1493 γέγραφάς
575 1435 605 1476 τι
629 1415 761 1485 τοιοῦτος
785 1413 833 1478 ὤν.
880 1412 933 1478 Sic
955 1413 1030 1478 h'bri
1053 1433 1163 1479 omnes
1185 1415 1309 1498 praeter
1329 1410 1374 1481 Se

186 1519 220 1582 in
249 1535 311 1602 quo
342 1517 498 1601 scriptum
522 1522 570 1582 eat
592 1514 693 1597 ὕπεχε
716 1513 755 1582 ὧν
779 1519 949 1600 γέγραφας
972 1543 1013 1585 τι.
1059 1518 1202 1584 Dindcrf.
1227 1513 1265 1582 ὦν
1288 1539 1372 1584 rece-

186 1625 242 1707 pit.
290 1620 388 1687 Recte
410 1622 444 1688 id
466 1622 596 1707 quidem
619 1623 674 1690 aad
697 1623 807 1689 eadem
831 1643 925 1710 opera
948 1649 976 1691 τι
1001 1630 1195 1711 expunctum
1215 1625 1370 1710 oportuit:

187 1727 269 1803 δίκην
293 1723 395 1810 ὕπεχε
419 1723 456 1792 ὕν
480 1727 649 1811 γέγραφας
674 1734 805 1801 τοιοῦτος
828 1729 875 1794 άν.

230 1965 310 2056 Pag.
335 1965 411 2032 606.
437 1964 469 2030 4.
494 1965 553 2032 κάν
577 1976 660 2044 pere
684 1966 852 2033 ἘΝαντθΑ
876 1966 991 2047 Λέγειν
1012 1971 1077 2050 φη,
1101 1967 1218 2045 μηδένα
1241 1969 1267 2034 δ’
1287 1969 1371 2049 αὐτῷ

187 2074 354 2140 πείθεσθαι.
399 2072 585 2158 Requiritur
615 2074 801 2158 άάιειιοάοιο,
832 2094 894 2140 non
925 2081 1074 2140 contrariu
1104 2074 1217 2140 dicere.
1262 2074 1374 2159 ltaque

188 2201 225 2247 ex
249 2179 321 2246 aliie
344 2179 435 2246 librie
458 2180 675 2265 recipiendum
698 2179 756 2245 κάν
779 2180 835 2257 μὲν
859 2179 1098 2259 ἀντιλέγειν
1121 2184 1180 2262 φῇ.
1229 2179 1327 2266 Saepe
1350 2178 1374 2244 S

188 2290 243 2352 aut
274 2285 360 2352 aolus
383 2290 440 2350 aut
462 2306 537 2352 eum
559 2289 669 2372 paucis
692 2286 764 2354 aliie
787 2286 916 2352 exhibet
938 2286 1089 2352 lectiones
1110 2285 1277 2358 manifesto
1299 2287 1374 2352 viti-

188 2412 256 2458 osae
278 2391 400 2459 veluti:

186 2519 258 2587 pag.
285 2497 362 2564 605.
385 2496 440 2564 28.
466 2506 622 2579 συνεργεῖν
644 2519 701 2584 pro
725 2505 867 2579 συνερεῖν.

219 2653 237 2683 ,,
287 2602 363 2669 612.
387 2602 420 2670 8.
443 2605 478 2668 τὸ
501 2603 530 2671 δ’
556 2601 632 2670 εἶναι
655 2623 712 2690 pro
734 2604 769 2668 τὸ
792 2603 886 2670 δεῖνα.

219 2759 236 2789 ,,
286 2709 362 2776 615.
387 2708 419 2775 8.
444 2711 593 2784 πλεέτοις.
617 2730 674 2796 pro
695 2714 773 2776 πάσι
798 2718 870 2782 τοῖς.

186 2817 397 2903 similiterque
419 2819 454 2881 in
477 2819 607 2884 caeteris
628 2817 834 2884 orationibus.

231 3055 312 3146 Peg.
343 3055 419 3122 606.
454 3055 506 3123 13.
530 3056 653 3136 ὀλίγους
678 3054 841 3136 εἰσπρᾶξαι
863 3058 957 3139 φήσει
981 3056 1088 3123 πολλά
1110 3057 1266 3140 χρήματα
1289 3057 1376 3122 άναι-

189 3163 244 3235 aaa
275 3165 309 3229 οὕ
339 3161 488 3234 τιθέντας.
520 3163 573 3228 καὶ
605 3163 807 3244 κατηγορήσει
838 3161 954 3228 τούτων
984 3167 1124 3244 πράγμα
1154 3164 1252 3248 ῥᾴδιον
1286 3157 1373 3240 οἶμαι

188 3268 435 3351 διαπραξάμενος
471 3270 541 3355 [τῶν
571 3270 615 3348 μη
642 3267 781 3335 τιθέντων
800 3269 860 3341 τάς
886 3269 1048 3352 εἰσφοράς]
1073 3268 1125 3334 καὶ
1149 3272 1244 3352 φάσει
1268 3271 1376 3334 πάσαν

190 3373 295 3440 aaaron
326 3375 446 3441 ἔσεσθαι
477 3379 530 3440 τοῦ
562 3377 606 3453 μὴ
641 3376 753 3442 τιθέναι
788 3377 847 3448 τάς
883 3376 1028 3456 εἰσφοράς
1062 3377 1089 3440 εἰ
1120 3375 1374 3456 καταψηφιεῖσθε

189 3485 294 3547 αὐτοῦ.
341 3481 420 3563 Quia
448 3485 516 3548 tam
547 3481 661 3547 duram
690 3482 787 3548 habet
817 3502 928 3548 aurem
958 3486 996 3546 ut
1021 3481 1102 3547 ferre
1125 3483 1226 3567 poenit
1248 3487 1307 3546 τῶν
1330 3481 1374 3558 μη

189 3588 328 3654 τιθέντων
359 3589 417 3658 τάς
448 3584 614 3668 εἰσφοράς,
648 3608 749 3673 quum
780 3589 928 3652 continuo
954 3592 1105 3672 aequatur
1127 3585 1234 3652 άδειαν
1256 3589 1309 3650 τοῦ
1331 3587 1376 3664 μη

189 3696 301 3761 τιθέναι
325 3695 384 3766 τάς
408 3691 574 3776 εἰσφοράςθ
620 3692 787 3762 Praeterea
809 3691 867 3758 illa
887 3693 985 3759 verba
1007 3701 1083 3758 eunt
1105 3712 1232 3778 prorsus
1259 3693 1378 3776 etiosa,

190 3805 265 3887 quia
294 3799 408 3866 τούτων
438 3801 478 3866 ad
509 3799 728 3886 praecedentia
760 3799 902 3864 refertur.
949 3798 1060 3884 ltaque
1095 3797 1239 3864 Dobraeo
1274 3817 1378 3864 aasen-

190 3908 334 3973 tiendum
369 3909 430 3993 qni
455 3907 533 3972 haec
563 3907 705 3992 expungi
734 3907 837 3970 iussit.
885 3903 975 3970 Idem
1004 3926 1062 3990 pro
1093 3902 1228 3971 absurdo
1261 3905 1377 3970 aeriate

190 4011 437 4092 διαπραξάμενος
460 4031 606 4097 praesens
631 4010 892 4093 διαπραττόμενος
914 4011 1095 4096 reponebat.

235 4116 417 4186 Dindorfiue
447 4120 552 4184 nescio
584 4118 741 4204 quomodo
764 4117 997 4183 observationes
1019 4116 1174 4194 Dobraei,
1198 4134 1260 4201 quo
1284 4133 1379 4182 nemo

190 4224 304 4291 melior
333 4224 543 4290 Demostheni
570 4227 724 4310 interpres
748 4229 779 4290 et
801 4224 984 4290 emendator
1007 4223 1143 4309 obtigit,
1169 4223 1216 4287 ita
1239 4220 1380 4308 negligit

190 4334 229 4396 ut
259 4349 311 4396 eae
342 4329 407 4396 fere
436 4331 583 4418 ignorare
611 4330 773 4410 videatur,
809 4350 909 4417 quum
932 4328 1020 4395 idem
1042 4327 1141 4394 exiles
1164 4325 1325 4394 Scheeferi
1347 4332 1377 4396 et

191 4435 329 4504 alierum
353 4436 628 4505 annotatiunculae
651 4435 761 4504 cedula
786 4456 895 4503 omnes
917 4436 1045 4524 repetit.
