3356 5084
728 341 793 414 511

209 535 326 602 Paullo
356 539 429 603 anto
459 556 532 625 pag.
568 533 646 603 553.
680 537 733 604 10.
757 535 855 617 άμνυε
879 534 975 613 μηδὲν
997 534 1145 612 εἰρηκέναι
1170 533 1236 614 περὶ
1263 536 1357 602 αὐτοῦ

165 645 345 725 φαῦλοι,
370 645 437 709 imo
460 663 535 710 uero
558 647 715 732 particen,
741 645 825 730 quod
849 653 897 708 eat
920 643 954 706 in
978 640 1051 708 eliis
1074 640 1178 708 libris.

210 836 291 928 Pag.
317 834 394 904 554.
418 835 473 904 28.
497 836 592 920 άνδρα
616 838 798 920 ἀτυχοῦντα
823 838 916 904 οῦΔΕ
939 837 1033 903 αὐτὸν
1057 833 1223 913 ἠδικηκότα
1243 862 1359 905 -τυ-

168 948 334 1026 κοφαντεῒι
366 943 439 1028 ᾤετο
468 944 541 1012 δεῖν.
590 944 692 1012 Scrib.
718 945 828 1012 οῦδΘΝ
853 943 946 1009 αὐτὸν
970 941 1144 1019 ἠδικηκότα.
1192 943 1227 1010 In
1250 945 1360 1011 huiua-
1412 941 1415 948 ⁶

167 1051 255 1117 modi
286 1053 444 1117 sententia
476 1072 585 1118 omnes
615 1051 696 1116 οὐδὲν
727 1049 871 1127 ἠδικηκώς
896 1055 928 1116 et
952 1049 1033 1116 οὐδὲν
1058 1048 1233 1128 ἠδικημένος
1256 1051 1361 1118 dicere

168 1155 320 1234 assolent,
347 1162 384 1222 ut
408 1159 444 1221 in
466 1157 574 1222 Pauo:

465 1262 626 1345 ἐνέκραρες
651 1265 724 1342 ἠμῖν
747 1263 830 1328 οῦδὲν
855 1260 1028 1341 ἠδικημένη.

213 1441 294 1531 Peg.
330 1440 408 1509 557.
439 1440 494 1509 25.
525 1444 558 1509 οῦ
589 1443 652 1521 γάρ
684 1440 793 1519 ἠγεῖά,
824 1441 862 1514 ῦς
894 1439 960 1519 ἐμοὶ
991 1439 1087 1518 δοκεῖ,
1121 1441 1266 1524 καροτρὸν
1296 1441 1361 1508 οῦδὲ

170 1548 304 1616 νεανικδν
333 1547 392 1614 οὐδ’
419 1546 503 1624 άΕιον
527 1554 738 1614 ΘΑΝΑΤΟΤ
762 1543 797 1622 ά,
821 1569 852 1611 τι
875 1543 913 1611 άν
937 1553 1010 1610 Tic
1032 1547 1104 1626 πρὸς
1129 1544 1182 1612 ἕνα
1208 1557 1273 1614 ele
1297 1548 1362 1613 δια-

169 1653 366 1736 πράττηται,
399 1655 475 1720 άιιιι’
511 1654 536 1720 εἰ
570 1654 616 1734 μή
650 1655 754 1735 Φυιιήν
788 1649 862 1730 άλην
880 1691 922 1701 -
941 1663 1149 1734 προπηλακιεῖ
1166 1692 1207 1702 -
1227 1655 1362 1734 άβίωτον

170 1759 238 1844 ᾤετ’
271 1757 393 1827 ἔπεσθαι
426 1759 478 1825 τὸν
508 1759 577 1838 βίον
608 1760 719 1840 ἑαυτοῦ.
766 1759 847 1825 Non·
863 1758 955 1825 credo
979 1759 1147 1826 absurdius
1167 1761 1362 1828 uocabulum

169 1868 204 1932 in
226 1866 449 1934 huiuscemodi
471 1869 627 1933 contentia
649 1866 780 1952 reperiri
804 1885 893 1951 posse
917 1885 1013 1951 quam
1038 1865 1183 1933 θανάτου.
1231 1867 1364 1953 Repetit

169 1993 282 2040 veram
309 1972 480 2040 lectionem
509 1971 727 2038 Buttmannuc
758 1970 817 2038 οὐδ’
853 1969 936 2048 άξιον
967 1979 1114 2037 A'rTOT
1147 1971 1284 2061 (αὑτοῦ),
1309 1971 1364 2039 sed

170 2100 264 2146 nemo
286 2083 352 2146 utit
393 2127 401 2144 .
1403 2165 1406 2172 Ι

215 2185 385 2252 Praeterea
414 2186 531 2252 vitium
565 2188 614 2250 cet
643 2187 676 2249 in
708 2184 814 2250 verbis
845 2183 874 2260 ὅ,
903 2209 933 2249 τι
958 2181 997 2250 άν
1020 2194 1092 2251 Tic
1115 2181 1362 2264 διαπράττηται,

172 2294 247 2378 quia
279 2291 318 2357 dc
348 2293 417 2377 ipso
447 2289 552 2356 Midia
582 2291 660 2356 haec
693 2290 756 2356 dici
785 2291 991 2377 perspicuum
1023 2296 1080 2356 cat.
1127 2290 1164 2357 In
1191 2300 1262 2357 Tlc
1284 2289 1365 2357 latet

175 2411 258 2479 ele,
290 2397 374 2485 quod
403 2417 422 2463 a
452 2401 624 2463 correctore
655 2399 689 2461 in
719 2399 867 2484 margine
897 2399 1053 2483 scriptum
1076 2399 1252 2464 insinuavit
1274 2418 1308 2463 oe
1330 2399 1365 2463 in

171 2515 299 2576 textum
322 2503 438 2571 mendo
460 2524 524 2570 non
546 2508 694 2570 correcto.
742 2502 949 2591 legendum:
975 2497 1004 2580 t,
1030 2526 1059 2568 τι
1085 2501 1123 2568 οῦν
1151 2497 1193 2576 εἷς
1218 2505 1290 2584 πρὸς
1310 2498 1364 2569 ἕνα

172 2613 416 2696 διαπράττηται,
440 2611 496 2676 ubi
518 2603 561 2681 εἷς
586 2614 633 2675 eat
658 2602 701 2682 εἷς
725 2607 763 2673 tv
786 2609 800 2673 6
824 2608 970 2680 Μειδίας.

216 2719 317 2786 Video
348 2737 415 2783 esso
446 2715 563 2802 quibus
594 2711 679 2791 άξιον
702 2713 834 2780 θανάτου
858 2735 972 2782 sanum
996 2735 1062 2780 esse
1086 2714 1243 2782 videatur.
1270 2717 1364 2796 „Sor-

171 2824 319 2893 οαεναιινιι”
349 2843 415 2890 case
445 2826 571 2909 putant.
618 2820 681 2887 Sed
703 2841 804 2907 neque
828 2841 986 2888 sarcasmo
1009 2821 1099 2888 locus
1123 2827 1171 2888 eet
1196 2827 1228 2888 et
1250 2821 1364 2890 mirifi-

172 2955 247 3001 cnm
270 2951 344 2997 sane
368 2933 449 2996 coeat
471 2928 531 2994 hoc
552 2929 704 2993 aercaemi
725 2948 837 3015 genua.
881 2925 1000 2994 Contra
1022 2931 1091 3014 ipsa
1113 2933 1228 2995 natura
1250 2950 1367 3018 sugge-

172 3043 216 3107 rit
256 3041 458 3125 arrogantem
492 3034 658 3099 hominem
691 3035 738 3099 ita
773 3032 892 3099 dicere:
930 3032 962 3098 οῦ
990 3023 1141 3115 Ιααροπρὸν
1175 3040 1263 3101 τοῦτο
1298 3035 1365 3103 οῦδὲ

175 3144 308 3212 νεανικὸν
333 3140 393 3207 οὐδ’
418 3139 503 3218 άξιον
528 3140 676 3216 ἐμαυτοῦ.

218 3322 299 3411 Peg.
332 3317 407 3386 562.
439 3318 471 3386 2.
502 3319 541 3385 de
570 3316 748 3405 petulantia
778 3323 811 3384 ct
840 3318 1050 3405 protervitate
1071 3318 1247 3388 Alcibiadis
1270 3322 1366 3391 dicit:

175 3433 201 3497 ci
225 3430 298 3497 κατ’
323 3428 434 3494 ἐκεῖνον
459 3425 596 3507 ὑμέτεροι
620 3423 759 3507 πρόγονοι
777 3463 819 3473 -
839 3423 891 3488 καὶ
915 3424 1084 3490 Δεκέλειαν
1107 3426 1228 3498 ἑαυτοῖς
1255 3428 1367 3494 ε’πιτει-

177 3537 324 3620 χισθῆναι
350 3533 402 3600 καὶ
428 3533 486 3606 τοὶς
509 3537 583 3605 ναῦς
604 3531 721 3597 άλῦναι
741 3529 794 3597 καὶ
815 3530 922 3596 πάντα
943 3529 1109 3609 ὑπέμειναν
1127 3534 1224 3598 ὁτιοῦν
1243 3531 1369 3608 άκοντες

178 3644 287 3710 παθεῖν
310 3640 439 3707 κάλλιον
458 3635 535 3705 εἶναι
558 3637 728 3720 νομίζοντες
749 3637 766 3714 ἠ
786 3637 905 3711 ἑκόντες
926 3636 1102 3720 ὑβρίζεσθαι
1123 3641 1368 3729 [ουρχυρήοαι].

178 3749 364 3834 Corrumpit
384 3747 448 3813 loci
469 3748 539 3812 vim
562 3751 594 3811 et
617 3746 863 3811 concinnitatem
887 3745 1086 3829 ineptissime
1119 3745 1265 3812 additum
1292 3771 1368 3828 ουρ-

178 3865 330 3940 χορήται.
376 3853 481 3919 Natus
511 3856 558 3917 oet
589 3871 676 3918 error
704 3873 744 3918 ex
774 3850 844 3918 ioco
867 3852 973 3917 vicino
996 3872 1070 3940 pag.
1095 3850 1171 3917 562.
1198 3853 1228 3918 1.
1253 3853 1367 3928 οῦδενδς

178 3963 293 4030 τοῦτον
328 3959 412 4040 αὐτῷ
442 3960 656 4040 συνεχάρησαν
689 3957 821 4039 ὑβρίζειν
845 3957 973 4035 αὑτούς,
1005 3957 1061 4024 sod
1089 3979 1184 4025 nemo
1214 3963 1369 4048 cogitasse

178 4070 308 4138 videtur
329 4069 414 4133 recte
438 4064 567 4150 quidem
590 4064 654 4130 dici
681 4070 832 4146 συγχωρῶ
857 4064 989 4146 ὑβρίζειν
1008 4063 1164 4144 ἐμαυτόν,
1187 4065 1242 4131 scd
1261 4066 1369 4133 abeur-

176 4177 255 4242 dum
278 4194 346 4240 ease
369 4175 520 4252 συγχωρῶ
547 4167 722 4252 ὑβρίζεσθαι
750 4170 847 4257 idque
870 4168 953 4235 ἑκών.
991 4169 1158 4256 Expunoto
1177 4171 1369 4259 glossemate

178 4283 287 4348 omnia
308 4285 392 4345 recte
415 4281 448 4344 et
471 4277 579 4343 ordine
602 4276 784 4363 procedunt.

220 4460 301 4549 Peg
333 4455 410 4524 563.
439 4455 470 4523 3.
496 4458 513 4532 ἠ
536 4455 593 4534 μὲν
616 4455 680 4537 γάρ
703 4458 743 4530 ὥς
767 4452 895 4532 άληθῶς
919 4453 1021 4535 μήτηρ
1047 4455 1080 4540 [ἠ
1103 4407 1237 4523 τεκοῦσα
1259 4460 1368 4548 αὐτὸν]
