3356 5084
906 371 971 440 468

317 561 326 576 “
344 562 422 649 quid
440 564 482 628 sit
502 563 559 628 ὑπὸ
580 560 707 629 τίλεσιν
725 564 815 628 οίκεῖν
837 563 982 649 expediet
1001 568 1033 628 te
1053 561 1119 648 ipse
1137 559 1290 628 leocrates
1309 581 1383 649 peg.
1407 559 1483 625 108.
1499 578 1533 624 A.

345 669 486 749 προσήκει
508 707 549 718 -
571 679 633 740 τοῖς
666 671 695 734 ἒν
726 678 952 736 ΠΟΛΙΤΕΙΑΙ
985 671 1037 734 κοιδ
1066 669 1164 748 νίμοις
1188 666 1392 745 ἐνδεδεμένους
1418 665 1535 741 ἐκείνην

343 777 398 850 τὴν
422 774 511 840 τίλιν
536 775 655 858 ςέρνειν
680 777 710 841 ἐν
735 773 753 859 ᾖ
775 777 969 859 τυρχοίνουσι
994 780 1217 849 κοιτοιιιοῦντες.

390 879 635 948 Confunduntur
665 885 825 956 πολιτείας
854 889 887 949 et
910 883 1028 956 πόλεως
1050 905 1125 972 pag.
1153 880 1228 950 174.
1255 879 1310 948 27.
1335 878 1480 962 τολιτείρ
1503 883 1537 944 et

347 988 436 1053 τίλει
460 1009 534 1077 peg.
560 988 637 1057 585.
660 988 716 1055 25.
742 996 774 1056 et
797 989 870 1056 eliis
892 989 979 1055 locis.

391 1200 482 1282 Quod
516 1223 610 1269 nemo
644 1203 831 1271 mortalium
864 1207 932 1290 ipso
966 1204 1099 1269 dixisset
1133 1203 1242 1288 nequis
1276 1201 1393 1265 animis
1424 1219 1536 1264 omnes

343 1306 450 1372 ierunt
479 1307 574 1395 'opud
612 1308 860 1375 Demosthenem
899 1330 973 1397 peg.
1006 1305 1082 1374 123.
1117 1307 1170 1373 10.
1201 1307 1301 1372 κοίτοι
1333 1307 1385 1371 τὸν
1415 1303 1536 1370 ὅσοισιν

346 1414 489 1492 οίσελνῶς
515 1413 590 1480 οὕτω
613 1413 770 1495 χρώμενον
792 1424 837 1479 Τ1
861 1415 976 1492 οίεσίε,
1000 1413 1125 1479 ἕτειδοδν
1148 1413 1216 1478 καθ’
1239 1411 1292 1477 ἕνον
1317 1413 1400 1490 ἡμῶν
1423 1411 1535 1478 ἑκοίςου

346 1520 443 1600 κύριος
474 1519 620 1600 γένντοιι,
656 1522 717 1606 [rr]
745 1523 896 1600 τοιιίσειν;
922 1520 984 1588 Sed
1007 1540 1071 1586 non
1094 1526 1142 1586 est
1164 1519 1243 1585 haec
1265 1517 1428 1606 eleganter
1451 1539 1536 1583 eom·

345 1629 451 1714 posits
480 1628 638 1713 periodus.
688 1627 813 1709 Quanto
844 1629 1042 1694 numerosior
1071 1626 1226 1692 occideret
1257 1625 1297 1691 sd
1319 1645 1411 1691 sures
1434 1626 1536 1690 oratio

344 1736 390 1800 sic
413 1741 576 1820 concepte:
601 1735 634 1800 τί
656 1736 790 1811 ποιήσειν
813 1734 909 1801 οίεσίε
922 1785 930 1814 ,
956 1734 1079 1800 ίτειδοὶν
1104 1771 1146 1781 -
1171 1732 1267 1812 κύριος
1292 1730 1439 1815 γέννησις

389 1944 468 2033 Peg.
503 1944 577 2011 125.
612 1944 663 2014 17.
696 1949 729 2012 οὐ
761 1946 858 2011 τοίνυν
885 1945 972 2026 οιοιροδ
995 1945 1112 2017 τούτοις
1135 1941 1257 2020 μίνΟΝ
1280 1944 1340 2023 (sic
1361 1941 1394 2006 S.
1421 1943 1535 2007 caeteri

345 2052 461 2136 μόνοις)
492 2053 527 2116 τδ
552 2050 613 2125 ἔίος
638 2057 728 2118 τοῦτο
752 2052 860 2119 τοίντοι
883 2053 968 2118 κοικδι
992 2051 1180 2135 είργοίσοιτο,
1205 2049 1313 2116 ἄλλοθι
1337 2049 1364 2114 δ’
1388 2049 1533 2125 οὐδοιμοῡ.

347 2158 571 2224 Demosthenis
603 2161 796 2227 consuetudo
821 2159 963 2247 postulat
985 2160 1071 2240 τορίι
1094 2157 1212 2228 τούτοις
1237 2161 1330 2222 ΜΕΝ
1355 2175 1413 2241 pro
1436 2155 1535 2232 μόνον.

345 2265 505 2351 Frequens
537 2265 710 2332 admodum
741 2272 788 2333 est
820 2267 905 2352 apud
934 2263 1182 2332 Demosthenem
1214 2267 1247 2328 et
1278 2260 1426 2346 aequales
1460 2261 1537 2326 hoec

346 2370 555 2458 componendi
577 2372 696 2437 forme:
720 2374 771 2437 κοιδ
798 2375 851 2436 οὐκ
875 2371 1002 2452 ἔγροιψοι
1027 2379 1120 2436 ΜΕΝ
1145 2371 1199 2435 οὐκ
1222 2368 1419 2448 ἐπρέσβευσα
1444 2376 1512 2432 ΔΕ,

388 2476 567 2543 Praeterea.
586 2480 614 2543 si
644 2480 715 2564 quis
744 2478 804 2544 hoc
838 2484 913 2567 eget
938 2499 1030 2563 seepe
1053 2477 1177 2544 videbit
1199 2473 1258 2553 μίν
1281 2479 1315 2539 et
1339 2473 1430 2550 μόνον
1454 2475 1539 2540 inter

343 2605 376 2650 se
406 2585 601 2669 permisceri.
649 2583 730 2672 Peg.
765 2583 838 2652 174.
874 2583 927 2651 17.
959 2583 1047 2648 οὶλλδι
1080 2585 1114 2657 νὴ
1147 2583 1211 2646 Δίοι
1243 2585 1350 2645 τοῦτον
1374 2588 1537 2646 MONON

344 2690 410 2757 τότ’
434 2687 503 2772 εἶχε
527 2690 651 2768 βέλτιον
675 2691 692 2766 ἢ
716 2697 783 2768 νῦν,
807 2693 850 2757 τοὶ
873 2691 899 2755 δ’
924 2689 1012 2756 ἄλλοι
1035 2696 1147 2773 χεῖρον.
1171 2708 1246 2775 pag.
1271 2685 1348 2753 614.
1371 2684 1427 2752 28.
1447 2687 1538 2752 οὶλλδι

347 2800 380 2872 νὴ
406 2797 470 2861 Δίοι
494 2803 600 2862 τοῦτον
623 2807 718 2863 ΜΕΝ
742 2796 876 2869 τοιοῦτός
901 2799 962 2866 ἐςιν
987 2835 1029 2845 -
1052 2794 1140 2862 ἄλλοι
1164 2796 1189 2860 δ’
1214 2794 1276 2858 ἔσθ’
1297 2785 1320 2857 οδ
1343 2799 1446 2863 ιιοιλῶς
1475 2790 1540 2872 διῴ-

347 2926 446 2975 κηκεν.
479 2909 511 2969 et
541 2925 615 2992 pag.
650 2903 726 2972 755.
752 2905 783 2973 3.
816 2906 907 2971 οὶλλοδ
939 2907 974 2979 νίν
1005 2907 1069 2969 Δίον
1093 2905 1198 2967 τοῦτον
1223 2907 1385 2966 MONON
1409 2903 1539 2966 τοιοῦτον

346 3008 514 3087 γερίνοισιν
535 3048 576 3058 -
597 3007 686 3074 ἄλλοι
717 3012 744 3076 δ’
773 3010 834 3077 ἔσθ’
867 3003 1014 3084 ίιιιοιλῶο
1035 3008 1228 3090 διῳκήκασιν.
1274 3005 1377 3072 Viden
1400 3005 1458 3084 μέν
1481 3027 1538 3092 pro

345 3112 435 3192 μόνον
459 3115 538 3180 olim
561 3119 718 3203 scriptum
741 3114 856 3183 fnisset

390 3326 468 3415 Peg.
497 3325 572 3393 127.
599 3326 629 3394 7.
654 3329 687 3393 τί
710 3325 759 3394 οὖν
782 3331 851 3394 τοτ’
876 3327 972 3394 ιοίτιον
997 3366 1040 3377 -
1060 3328 1095 3394 τὸ
1119 3327 1171 3393 κοιί
1197 3328 1267 3399 τοὺς
1288 3325 1464 3399 Ὀλυνθίους
1485 3323 1537 3390 cai

343 3433 413 3504 τοὺς
445 3431 608 3513 Ἐρετριεῖς
640 3436 746 3518 (scrib.
778 3434 948 3521 Ἐρετριῖις)
974 3435 1025 3499 xci
1051 3433 1120 3506 τοὺς
1148 3431 1300 3512 Ὠρείτοος
1324 3429 1403 3506 ἥδιον
1425 3441 1536 3497 HPOC

346 3538 416 3610 τοὺς
449 3540 521 3619 ὑπὲρ
546 3540 702 3605 Φιλίστου
727 3541 882 3617 λέγοντος
907 3537 991 3621 ἔχειν
1015 3541 1032 3616 ἣ
1058 3541 1128 3612 τοὺς
1152 3540 1225 3619 ὑπὲρ
1248 3537 1367 3615 οοὺτῶνς
1393 3535 1536 3604 Scriben-

348 3645 426 3710 dum
462 3645 478 3720 *i
515 3654 624 3711 ssPOC
659 3647 728 3719 τοὺς
766 3647 840 3727 ὑπὲρ
875 3649 985 3712 αὐτῶν.
1036 3647 1282 3732 Praepositionis
1317 3645 1389 3724 τρίς
1424 3650 1537 3712 notum

345 3751 571 3837 compendium
601 3755 635 3817 in
666 3774 761 3819 oense
791 3754 854 3820 fuit
884 3775 940 3820 cur
962 3756 1086 3840 saepius
1108 3755 1283 3818 necessarie
1304 3751 1420 3819 nocuis
1443 3753 1537 3818 ornit-

346 3865 427 3924 teret
467 3908 474 3922 .

389 3961 498 4032 Multa
519 3965 617 4030 huius
640 3968 687 4030 rei
710 3965 857 4053 exemplo
879 3975 952 4033 ante
975 3965 1123 4032 dedimus
1145 3965 1228 4030 infru
1249 3963 1343 4051 pluro
1365 3965 1482 4032 daturi.

390 4173 468 4261 Peg.
503 4171 577 4241 127.
611 4173 665 4240 25.
696 4181 768 4262 post
794 4177 907 4242 verbe:
933 4177 1058 4242 ἐτειδοὶν
1082 4177 1181 4249 είδῆτε
1206 4177 1240 4242 ἐκ
1265 4179 1419 4254 λογισμοῦ
1444 4177 1535 4254 μηδὲν

347 4281 419 4358 ὑμῖν
450 4279 530 4358 ε’νίν,
561 4301 674 4347 manus
704 4287 857 4349 recentior
886 4286 921 4348 in
943 4285 1090 4371 margine
1113 4279 1239 4349 Codicis
1262 4281 1285 4348 S
1308 4283 1386 4349 hoec
1410 4304 1451 4349 ex
1474 4281 1535 4348 ulio

345 4385 428 4451 libro
452 4386 592 4452 eddidit:
615 4387 668 4453 κοοί
692 4388 761 4462 τοὺς
783 4391 826 4461 είς
846 4391 934 4454 ταῦθ’
955 4389 1137 4467 ὑπάγοντος
1159 4389 1242 4467 ὑμᾶς
1264 4389 1333 4469 ίρῶν
1352 4390 1408 4455 οὐκ
1427 4391 1535 4470 orecte

345 4492 434 4558 οίλλίι
466 4493 681 4571 δνσωτοῦμοιι·
714 4497 731 4572 ἢ
764 4495 826 4577 γίιρ
858 4494 1033 4573 ἐξεπίτηδες
1067 4497 1147 4574 ἦδι·
1169 4493 1300 4575 ἄγνοιαν
1324 4497 1368 4568 είς
1391 4497 1535 4577 χολετδν
