3308 5090
866 305 930 374 152

301 489 364 560 dici
395 499 537 581 oportere
560 505 741 576 κατηγορεῖν
765 504 809 561 TI
832 496 930 581 τινός,
955 501 987 563 et
1008 499 1043 561 in
1066 496 1191 580 passivo
1215 491 1439 576 κοπννορεΐποί
1466 512 1504 558 τι

301 600 388 674 τινος.
435 607 695 684 Κοτνγοροῦμιιι,
728 623 790 689 quo
818 609 954 670 utuntur
983 623 1093 669 omnes
1123 604 1327 687 recentiores,
1363 600 1505 687 perinde

302 711 350 772 est
380 709 533 774 vitimum
565 713 598 774 et
627 709 800 776 abarudnm
833 730 868 774 ac
892 712 920 774 si
943 712 1014 795 quia
1037 707 1150 774 Latina
1171 729 1228 794 pro
1250 731 1371 774 οοοιιιοο
1393 705 1505 774 vellet

303 813 406 880 dicero
428 814 511 880 dicor
533 815 567 879 εἰν
589 839 679 882 reum.

775 994 911 1060 Ἀλῶνοοί
932 1017 1019 1066 τινος.

348 1177 485 1242 'Aneiai
519 1201 596 1251 τινος
633 1177 717 1262 apud
752 1175 925 1245 Graeculos
956 1183 1005 1242 est
1034 1177 1121 1242 idem
1153 1175 1237 1260 quod
1268 1175 1428 1254 ἐροοθῆνιιι
1464 1179 1504 1240 et

303 1285 490 1360 ἐπιθνμῆοοιι
520 1284 605 1370 apud
634 1291 767 1351 veteres.
803 1283 954 1348 [libanius
984 1281 1039 1347 lv.
1072 1280 1126 1346 24.
1156 1283 1189 1346 οὐ
1212 1280 1263 1346 τὸν
1290 1279 1412 1346 'lolem
1436 1289 1501 1356 τῆς

304 1389 445 1466 Μηδείας
476 1391 712 1467 ε’πιθυμήοοιντοο
743 1395 862 1454 σκοπῶν
892 1389 1036 1469 εὑρίσκω,
1060 1389 1115 1462 τὴν
1137 1388 1169 1453 δὲ
1193 1387 1332 1464 Μήδειον
1356 1388 1502 1452 οὶλοῦοοιν

305 1495 453 1569 Ἰοὶοονος.
485 1502 518 1562 et
544 1517 619 1584 pag.
651 1495 705 1562 25.
738 1496 861 1576 πότερον
893 1495 1001 1561 Ἰοὶοοιν
1032 1494 1173 1568 Μηδείας
1206 1495 1352 1571 iniciam
1384 1500 1416 1560 et
1438 1492 1500 1559 IV.

304 1602 381 1668 596.
405 1610 461 1676 τῆς
484 1602 514 1666 δὲ
537 1603 655 1681 προικὸς
679 1607 801 1679 μᾶλλον
827 1603 904 1682 ἤπερ
928 1604 1041 1676 εἰιείννς
1068 1603 1230 1678 ἡλίσκετο,
1256 1607 1289 1666 et
1307 1604 1352 1666 sic
1376 1603 1499 1686 saepie-

304 1712 385 1775 sime
417 1708 500 1793 apud
530 1707 703 1774 Liberium
730 1713 762 1774 et
792 1708 920 1774 libanii
950 1709 1097 1793 aequales
1119 1709 1306 1795 praesertim
1330 1706 1500 1772 Iulianum

304 1820 337 1881 ei
360 1814 587 1880 Pllhemietium.

350 1991 450 2079 Saepe
472 1992 593 2057 scribae
616 1995 785 2079 participia
802 1993 970 2077 praeceniis
992 1994 1144 2078 temporis
1168 1998 1200 2058 et
1218 1998 1323 2058 aaron
1341 1987 1406 2058 una
1423 1997 1495 2058 tan·

304 2103 376 2164 tum
405 2097 535 2164 litsmla
564 2100 648 2163 inter
670 2121 703 2165 se
725 2099 935 2184 discrepantia
955 2101 1168 2186 incogitantes
1191 2098 1404 2183 confundunt,
1428 2099 1494 2163 λεί·

305 2229 369 2271 πων
389 2240 409 2254 -
429 2206 544 2278 λιπών,
569 2204 696 2286 Φεύγον
716 2242 735 2255 -
754 2207 881 2288 φυγών,
907 2205 1080 2284 πειθόμενος
1094 2241 1114 2254 -
1127 2204 1283 2281 πιθόμενος
1293 2253 1302 2282 ,
1326 2206 1459 2285 βοὶλλοιν
1473 2241 1494 2254 ··

303 2310 430 2389 βολῶν,
462 2311 744 2389 τέμνων-τεμών,
776 2311 1042 2391 eyes-omos
1065 2313 1193 2377 etaim.
1229 2309 1309 2377 Utro
1331 2313 1374 2376 sit
1396 2314 1495 2396 scrip-

304 2420 377 2482 tura
411 2419 515 2482 verior
548 2416 667 2502 ubique
701 2417 763 2483 loci
798 2419 956 2484 sententia
988 2417 1114 2483 clamat.
1150 2416 1338 2482 Ridiculum
1372 2419 1494 2483 vitium

303 2521 461 2586 insederat
494 2520 585 2610 Pllom.
618 2522 674 2588 Ill.
711 2523 785 2591 172.
820 2524 850 2590 6.
887 2523 956 2590 ὅδὲ
980 2524 1069 2605 sielsoe
1093 2524 1189 2600 μένων
1213 2523 1266 2588 nal
1290 2524 1398 2588 πίΝιιν
1422 2522 1495 2587 ἐκοί-

304 2628 405 2693 cevas.
434 2635 505 2712 poci
530 2634 653 2712 polum,
690 2630 795 2707 cred0,
834 2633 942 2715 itaque
977 2651 996 2696 a
1024 2628 1156 2696 Reislrio
1186 2629 1261 2694 πιών
1293 2631 1409 2714 accipe.
1456 2628 1494 2694 In

304 2732 425 2799 talibus
455 2732 580 2799 nullam
612 2733 767 2801 librorum
796 2734 876 2802 Mss.
906 2739 1062 2803 rationem
1084 2736 1263 2803 habendam
1286 2756 1352 2803 csse
1375 2737 1495 2822 perspi·

305 2859 403 2904 cuum
426 2845 483 2906 est.

640 3027 864 3088 ΦΛΕΓΟΜΑΙ
891 3059 932 3071 -
956 3022 1153 3106 collyrium.

348 3199 506 3269 Oonfimdi
529 3200 606 3267 haec
629 3205 713 3267 inter
735 3224 770 3268 se
792 3205 918 3288 saepius
937 3205 1144 3270 ostendimus.
1182 3203 1320 3271 Accedat
1339 3177 1495 3269 Libanius

304 3307 358 3374 IV.
392 3307 468 3376 775.
503 3307 555 3372 19.
587 3307 639 3374 nal
673 3309 752 3388 πόθῳ
781 3310 995 3388 Φθεγγόμενος
1025 3311 1077 3375 acl
1110 3311 1271 3384 δννοςείοις
1299 3310 1495 3389 ἐπαιρόμενος

304 3413 402 3496 ὄγκῳ.
428 3418 495 3480 imo
520 3435 595 3482 vero
618 3415 696 3496 πονοι
721 3416 946 3495 ΦΛθγόμενος.

675 3631 807 3691 HOCIN
833 3661 874 3674 -
900 3634 983 3692 ποεῖν
992 3674 1001 3705 ,
1027 3635 1132 3693 ποιεῖν.
1169 3691 1173 3698 .

350 3806 505 3874 Libanius
532 3806 589 3871 III.
621 3803 699 3872 209.
735 3804 766 3872 6.
797 3810 977 3874 πλοινοῖοθοιι
1008 3813 1094 3876 κοιτοὶ
1125 3811 1180 3885 τὴν
1205 3808 1294 3876 πόλιν
1317 3809 1495 3892 ἀπειρηκόσι

305 3924 449 3982 ποιεῖν.
483 3912 652 3978 Reiskius:
676 3911 853 3990 οὶπειονκόοι
875 3922 1020 3981 HOCIN.
1044 3913 1241 3982 Rectissime.
1256 3917 1295 3986 of.
1307 3916 1332 3982 I.
1347 3915 1425 3983 536.
1440 3913 1495 3982 24.

306 4022 331 4086 cl
356 4022 388 4088 δὲ
412 4018 641 4100 -ποιρνβνκοοι
665 4019 781 4083 ποσὶν
805 4018 937 4099 ἔτρεχον.

712 4237 872 4295 unlnec
897 4265 938 4279 -
964 4230 1085 4296 παιδίον.

350 4410 504 4480 libanius
537 4407 593 4474 Ill.
630 4405 706 4476 362.
740 4408 769 4475 9.
804 4411 885 4494 <tari
918 4409 951 4476 δέ
981 4435 1051 4476 πινοι
1081 4411 1239 4502 (lemelia)
1264 4414 1294 4480 ἕν
1319 4415 1495 4500 Πολοιςίνμ
