3308 5090
285 619 289 624 Ι
340 524 438 596 ‹led-it.
474 527 559 610 Quid
582 531 625 596 sit
648 529 809 612 προσέχειν
830 537 894 604 τοῖς
918 529 1105 610 πράγμασιν
1129 535 1162 598 et
1184 489 1280 616 quam
1304 530 1347 596 sit
1368 528 1431 596 hoc
1447 523 1533 596 utile
1642 527 1643 570 ί

339 634 406 713 illi.
438 637 494 720 qui
524 657 644 727 magno
674 641 810 726 imperio
833 639 914 706 velit
936 642 1049 726 potiri,
1073 638 1148 707 ride
1172 637 1256 722 apud
1278 635 1532 702 Demosthenem

338 761 413 829 pag.
437 741 492 807 41.
519 741 550 808 6.
576 752 609 810 et
633 744 688 811 49.
714 744 765 810 14.
801 746 969 813 Praeterea
991 765 1048 832 pro
1071 747 1293 819 sarcerdotem
1316 742 1447 816 iubente
1466 741 1532 807 loci

338 850 496 914 sententie
517 871 632 938 repone
655 853 892 928 κατεΚσήοιιτο.

381 1061 498 1127 Editur
528 1062 612 1148 apud
643 1060 840 1129 Sabaeorum
865 1084 939 1152 pag.
966 1059 1041 1128 188.
1068 1061 1139 1132 rods
1163 1060 1326 1139 θησαυροὺς
1351 1059 1421 1131 τινι
1446 1061 1528 1140 εὑρε-

335 1165 442 1241 θέντας
465 1169 540 1248 παρ’
563 1169 670 1242 αὐτοῖς
694 1169 903 1258 (Tectosegis)
930 1168 987 1234 ὑπὸ
1011 1167 1190 1239 ΣΚΙπίωνος
1213 1171 1267 1232 τοῦ
1286 1170 1445 1246 ςοοιτνιγοῦ
1465 1173 1525 1231 τῶν

335 1274 492 1352 Ῥωμαίων
518 1275 548 1338 ἐν
567 1275 656 1340 πόλει
676 1275 822 1355 Tetrica,
844 1283 877 1341 et
894 1282 967 1361 post
984 1292 1102 1361 pauca:
1123 1272 1362 1355 emendatricem
1379 1271 1407 1336 δ
1422 1273 1526 1338 αὐτῶν

334 1381 386 1446 τὸν
417 1379 587 1447 ΣΚῑπίωνοι
618 1380 669 1446 διά
699 1386 788 1447 τοῦτο
821 1383 851 1447 ἕν
881 1382 1100 1462 δυστυχήμασι
1134 1381 1332 1460 casseratas
1366 1377 1418 1444 τίν
1442 1378 1523 1459 βίον.
1642 1397 1643 1430 t

333 1485 548 1552 Notissimnm
581 1493 629 1553 est
656 1508 772 1554 aurum
795 1488 989 1556 Tolosanum
1013 1489 1112 1574 „qaod
1132 1510 1223 1552 cocao
1245 1485 1357 1552 eradii
1383 1486 1526 1569 ίαιρὶοιιι·
1642 1475 1643 1504 ¹

334 1597 531 1678 οσονοίίιιιρνο
553 1598 616 1658 eius
631 1601 738 1678 postea
750 1595 842 1680 fail’
864 1594 978 1662 lustin.
1004 1592 1057 1660 32.
1084 1591 1115 1658 3.
1139 1593 1177 1658 ci
1204 1589 1288 1660 Geli.
1313 1592 1354 1658 N.
1374 1592 1413 1657 Δ.
1437 1588 1468 1656 3.
1490 1590 1521 1656 9.
1642 1599 1643 1660 3

334 1696 511 1764 Notissima
542 1696 579 1779 Q.
622 1697 753 1766 Servilii
785 1697 952 1786 Caepionis
983 1699 1088 1766 clades
1120 1706 1152 1766 et
1182 1697 1358 1766 calamitas.
1409 1697 1523 1784 ltaque
1642 1765 1643 1772 ι

331 1802 422 1870 nulla
445 1811 493 1870 est
515 1803 674 1870 dubitatio
697 1808 773 1891 quin
796 1804 910 1873 Strabo
929 1808 1090 1892 scripserit
1108 1806 1276 1878 Καιπίωνος
1297 1813 1330 1870 et
1347 1804 1518 1869 Καιπίωνα.
1642 1793 1643 1878 s

332 1905 398 1976 Gur
427 1912 531 1998 igitur
558 1930 621 1976 non
644 1917 692 1977 est
714 1910 899 1999 receptum?
922 1915 997 1998 quia
1020 1919 1144 1991 „coebo
1170 1911 1288 1976 θοάίισο
1310 1911 1523 1976 commissae
1642 1935 1643 1986 1

332 2037 434 2080 ιιοιιιιιι
464 2017 547 2081 suad
574 2017 692 2100 inferre
721 2040 780 2082 ιιοιι
811 2017 897 2082 licct’'
920 2017 1088 2103 respondet
1109 2017 1293 2083 Kramerne.
1328 2015 1401 2082 Ain’
1424 2013 1521 2082 verol
1642 2037 1643 2084 ι

329 2120 441 2188 Nonne
463 2142 573 2188 omnes
596 2124 712 2207 quibus
734 2125 859 2190 utimur
881 2122 1047 2190 Strabonis
1066 2119 1197 2189 Codices
1216 2145 1255 2189 er
1274 2143 1337 2188 nno
1358 2121 1520 2189 fluxerunt
1642 2169 1643 2194 .

330 2247 428 2314 eoque
458 2229 701 2295 mendosissime
730 2234 762 2294 et
790 2226 929 2295 mutilo?
952 2229 1064 2295 Nonne
1088 2231 1201 2316 ingens
1224 2235 1272 2294 est
1294 2228 1438 2294 locorum
1461 2250 1518 2293 nu·
1642 2229 1643 2306 ᾖ

327 2353 437 2400 merus
469 2334 554 2420 apud
588 2333 776 2401 Strabonem
810 2335 868 2401 ubi
902 2341 1010 2400 σιτίων
1044 2334 1199 2402 librorum
1231 2337 1377 2400 omnium
1409 2331 1517 2400 labem
1642 2353 1643 2424 j

329 2445 410 2504 certa
432 2439 651 2506 emendatione
674 2445 818 2506 sanatam
838 2437 1005 2508 videmus?
1025 2439 1113 2521 Quae
1134 2446 1182 2506 est
1200 2442 1303 2528 igitur
1322 2440 1401 2505 haec
1419 2438 1518 2505 male
1642 2429 1643 2488 ί

329 2565 405 2612 sana
433 2543 568 2634 religio?
597 2547 729 2613 Accedit
760 2547 843 2632 quod
869 2546 1061 2635 pervulgata
1083 2546 1161 2612 baec
1183 2548 1352 2612 nominum
1375 2544 1517 2611 confusio
1642 2529 1643 2592 ἶ

330 2656 389 2718 est.
430 2649 622 2719 Plutarchus
644 2654 677 2716 in
701 2653 829 2717 Ιιιοονίίο
851 2673 917 2738 cap.
944 2650 999 2718 27.
1025 2653 1055 2716 ἐν
1078 2653 1177 2735 ἐκείνῃ
1201 2661 1240 2734 τῇ
1266 2651 1365 2736 »intpp
1388 2654 1406 2726 si
1430 2651 1517 2727 μετά
1642 2639 1643 2694 ί

330 2759 505 2833 Σκηπίωνος
534 2758 679 2824 aream
702 2759 816 2837 ςοατιά
840 2759 1054 2836 συμβαλοῦσα
1079 2758 1245 2836 Κίμβροις,
1270 2764 1355 2824 recte
1378 2779 1517 2825 correxe-

327 2869 404 2928 runt
425 2865 511 2942 μετά
535 2863 711 2936 Καιπίωνος.
738 2870 770 2931 et
792 2867 837 2931 sic
860 2863 974 2932 multis
997 2864 1070 2931 aliis
1092 2865 1181 2931 locis
1208 2866 1283 2932 vide
1304 2862 1457 2930 Sintsnis.
1477 2863 1517 2930 ad
1642 2915 1643 2922 1

329 2969 492 3035 Plutarchi
518 2970 619 3036 θαίοιι.
642 2976 713 3036 mio.
738 2991 805 3058 cap.
832 2970 862 3036 1.

373 3074 483 3141 Simili
513 3097 616 3143 errore
643 3098 714 3165 pag.
749 3075 815 3142 140
845 3079 880 3142 in
910 3076 1002 3143 libris
1030 3086 1079 3144 est
1108 3078 1266 3152 Καπίωνος
1299 3077 1434 3159 πύργοι,
1460 3078 1517 3144 ubi
1642 3057 1643 3074 ί

328 3202 405 3250 vera
426 3182 529 3249 forma
551 3185 618 3250 sine
641 3182 709 3249 ulla
730 3183 887 3250 librorum
909 3187 1087 3250 reverentia
1109 3183 1188 3250 olim
1212 3189 1359 3252 revocata
1382 3188 1440 3250 est.

340 3463 343 3470 ,
375 3399 455 3487 Pag.
499 3395 573 3465 189.
613 3398 684 3465 τινά
724 3403 783 3464 τῶν
817 3398 947 3479 Φορτίων
987 3395 1151 3480 πεζεύιται
1186 3408 1257 3471 ταῖς
1292 3352 1514 3479 άρμαμάξαις.

327 3501 442 3572 Strabo
472 3526 529 3591 pro
559 3501 684 3582 άμιιξαι
715 3503 796 3571 solet
826 3503 1016 3586 άρμάμιιξαι
1040 3505 1144 3572 dicere
1167 3509 1266 3572 etiam
1288 3505 1328 3572 de
1343 3506 1514 3590 plaustris,

327 3610 444 3698 quibus
466 3617 523 3677 aut
544 3613 660 3678 vinum
681 3617 738 3677 aut
761 3611 842 3678 aliae
865 3631 986 3678 merces
1004 3631 1097 3678 omne
1116 3632 1219 3699 genus
1238 3617 1458 3696 asportantur,
1477 3618 1516 3678 ut
1642 3599 1643 3606 ί

307 3737 401 3806 pag.
425 3715 503 3783 214.
528 3711 601 3782 οίνον
624 3717 674 3782 ἐπὶ
699 3715 826 3793 ξυλίνων
850 3719 942 3782 πίθων
965 3716 1172 3798 ἁρμαμάξαις
1192 3719 1365 3788 άναίέντοο.
1388 3723 1420 3784 et
1439 3738 1514 3807 pag.

227 3824 232 3832 '
327 3821 405 3890 291.
434 3830 504 3895 ταῖς
529 3821 736 3903 άρμαμάξαιι
759 3823 943 3901 ἐπάραντες.
968 3829 1001 3888 et
1022 3844 1095 3912 pag.
1122 3822 1198 3891 207.
1222 3826 1264 3889 τά
1289 3825 1404 3907 φορτία
1427 3827 1513 3903 κομί·

327 3929 426 4012 ζονσιν
456 3928 673 4008 άρμαμάξιιις.
719 3929 828 3996 Etiam
859 3930 899 3995 de
929 3930 1092 4008 curribus,
1122 3933 1156 3995 in
1188 3932 1305 4017 quibus
1334 3931 1359 3995 ol
1383 3931 1513 4006 νομάδες

326 4035 492 4112 habitant,
523 4041 562 4100 nt
592 4055 666 4122 pag.
697 4032 774 4102 294.
806 4044 869 4106 τοῖο
900 4035 1014 4116 νίρροιι
1045 4037 1200 4121 (endo)
1224 4039 1283 4102 τῶν
1306 4035 1512 4117 ἁρμαμαξῶν.

326 4141 375 4208 De
405 4139 556 4226 plaustris
586 4142 685 4207 stiam
708 4160 782 4229 pag.
808 4139 882 4205 814.
909 4143 951 4214 εἰς
975 4131 1009 4214 ἣν
1032 4144 1066 4207 ai
1091 4141 1281 4221 άρμάμαξαι
1305 4141 1512 4221 κατάγονται.

327 4243 453 4315 Casteri
474 4247 641 4332 scriptores
665 4245 795 4324 άμιὲξαι
819 4246 997 4333 appellant,
1021 4255 1058 4312 ut
1081 4247 1238 4314 Diodorus
1260 4247 1388 4314 Siculus
1407 4247 1445 4313 V.
1458 4247 1512 4315 26.

327 4351 469 4432 ἁμάξαις
494 4351 667 4433 κομίζοντες
691 4351 743 4418 τὸν
766 4348 847 4418 οίνον.
884 4353 970 4443 Ergo
994 4355 1108 4420 vitiose
1137 4355 1221 4440 apud
1240 4353 1429 4421 Strabonem
1449 4355 1512 4422 edi·

326 4465 382 4528 tur
395 4477 468 4546 pag.
483 4454 561 4528 207.
575 4457 606 4524 ἐν
618 4465 690 4530 ταῖς
702 4455 860 4538 Ἀμάξαιι
873 4459 904 4526 ίν
916 4454 967 4533 αἶς
980 4459 1173 4540 διαιτῶνται,
1186 4480 1243 4546 pro
1255 4459 1511 4540 ’ΛΡΜαμάξιιιμ
