3356 5086
718 377 783 446 885

34 661 35 674 ¹
164 565 335 645 νατίκοντος
367 568 464 654 Ηίρρ.
494 572 565 632 moi.
596 563 673 633 281.
705 581 743 636 Δ.
773 572 902 644 'Inice
932 573 947 636 ἰ
979 572 1075 649 καλῶς
1106 596 1142 638 τε
1173 571 1226 636 καί
1250 570 1344 654 τοφίς

162 677 199 750 ῶς
221 674 269 741 ἰνοί
291 673 401 758 χρόνον
425 675 728 755 intercatiensem
752 678 812 752 τὰς
837 677 980 756 Ἀθήνας.

673 989 825 1058 XXVIII.

510 1201 557 1266 Τί
579 1199 875 1282 προσγεγραμμένον
900 1204 985 1268 ἰῶτα.

203 1410 383 1478 Seacentios
412 1409 506 1476 video
537 1408 673 1477 Homeri
695 1409 841 1478 liditores
863 1413 898 1477 in
922 1431 958 1478 eo
981 1431 1111 1498 peccans
1133 1417 1172 1478 ut
1194 1412 1229 1478 τί
1252 1436 1344 1492 τροτ-

159 1513 375 1596 γεγραμμένον
405 1516 482 1580 ἰῶτα
514 1515 609 1582 modo
641 1517 755 1582 vitiose
785 1519 938 1584 omittant
959 1516 1055 1584 modo
1078 1538 1241 1604 perperam
1265 1518 1344 1584 adii·

159 1625 248 1689 ciam.
295 1619 415 1689 Oontro
443 1624 478 1686 in
507 1642 545 1688 ea
573 1643 607 1688 re
637 1627 760 1689 veteres
792 1619 904 1688 Oritici
934 1643 1044 1688 omnes
1078 1628 1111 1690 et
1141 1623 1344 1690 Aristarchus

158 1735 227 1795 ante
249 1749 360 1795 omnes
383 1733 458 1793 sunt
479 1727 729 1816 ditigentissimi.
763 1727 870 1794 Facite
894 1727 1028 1817 colligas
1051 1752 1091 1797 ex
1112 1751 1222 1797 eorum
1240 1731 1344 1798 obser-

157 1835 335 1902 vationibus
358 1835 492 1901 eandem
512 1836 577 1901 fere
600 1837 892 1902 vetustissimorum
914 1831 1069 1901 Codicum
1088 1839 1245 1904 rationem
1264 1833 1344 1904 olim

157 1943 249 2008 fuisse
281 1945 378 2024 atque
408 1962 491 2007 nunc
522 1946 569 2007 est
597 1943 679 2007 ratio
701 1941 876 2025 librorum,
900 1943 956 2026 qni
979 1941 1019 2007 ad
1041 1963 1098 2008 nos
1121 1947 1342 2028 pervenerunt.

155 2049 198 2114 Ut
219 2067 310 2114 casus
335 2052 368 2112 et
391 2047 518 2113 fortuna
539 2048 681 2114 ferebant
705 2052 761 2114 aut
785 2047 913 2113 additur
936 2047 1013 2113 ἰῶτα
1037 2053 1180 2114 autnon
1204 2049 1342 2114 additur.

156 2153 336 2220 Scribarum
368 2157 401 2219 et
427 2159 639 2219 correctorum
663 2160 695 2220 et
718 2155 1005 2242 grammaticorum
1028 2155 1191 2238 opiniones
1213 2154 1344 2221 disside-

155 2261 245 2326 bant:
271 2259 329 2326 olii
351 2260 470 2345 ubique
493 2264 655 2346 apponunt
679 2261 791 2345 (etiam
811 2279 976 2344 perperam
996 2263 1028 2324 et
1048 2259 1228 2345 mendose),
1248 2265 1344 2346 atque

155 2366 188 2431 hi
210 2371 285 2432 sunt
307 2366 373 2431 fore
394 2385 504 2432 omnes
524 2368 733 2452 antiquiores3
754 2365 811 2432 alii
831 2369 868 2430 ut
891 2364 1069 2450 plurimum
1092 2369 1200 2432 minus
1221 2372 1345 2434 veteres

154 2478 304 2560 perpetuo
337 2476 369 2536 et
402 2471 440 2537 de
471 2471 629 2552 industria
659 2474 832 2538 omittunt:
862 2475 937 2536 sunt
967 2473 1067 2537 etiam
1091 2472 1147 2557 qui
1169 2477 1288 2538 temere
1312 2476 1345 2538 et

156 2579 330 2646 inconsulto
352 2583 410 2643 aut
434 2577 589 2643 adiiciunt
611 2583 668 2644 aut
690 2599 753 2644 non
776 2577 941 2642 adiiciunt.

197 2685 349 2772 Sequitur
371 2705 410 2750 ex
433 2687 501 2750 eius
523 2687 571 2750 rei
593 2685 863 2752 animadversione
886 2686 986 2749 nostri
1007 2703 1074 2748 esse
1093 2684 1213 2768 ubique
1232 2683 1344 2750 iudicii

155 2794 275 2858 reiectis
305 2791 396 2856 falsis
424 2789 580 2857 librorum
611 2792 803 2857 testimoniis
834 2791 1025 2854 oonst'tuerc
1056 2790 1139 2854 sitne
1162 2789 1341 2854 addendum

156 2900 226 2963 ἰῶτα
250 2919 291 2964 an
313 2917 377 2963 non
400 2899 456 2975 sit,
483 2897 578 2982 idque
601 2917 640 2962 ex
662 2899 811 2962 interiore
835 2895 1025 2961 Graecitatis
1047 2895 1281 2984 inteliigentio‚
1302 2917 1343 2962 ex

156 3003 350 3093 etymologia
379 3007 412 3068 et
438 3003 602 3090 analogio,
635 3023 674 3068 ex
702 3005 773 3088 ipso
801 3007 969 3068 naturast
993 3022 1054 3066 usu
1076 3001 1224 3068 vocabuli
1248 3007 1282 3068 et
1304 3024 1344 3070 ex

157 3116 321 3198 poetarum
344 3111 531 3174 anctoritate
553 3110 651 3174 metri
670 3109 789 3174 indicio
812 3109 959 3195 cognosci
982 3128 1017 3173 ao
1041 3105 1164 3174 definiri
1192 3115 1344 3194 oportere.

196 3216 363 3283 Praeterea
408 3235 446 3279 ex
488 3213 599 3280 eadem
642 3214 859 3280 observatione
901 3216 1045 3299 sequitur
1078 3217 1244 3302 ingentem
1276 3219 1346 3282 rim

159 3322 403 3408 discrepantium
434 3321 664 3410 seripturarum
695 3323 777 3386 citra
800 3320 954 3386 damnum
978 3325 1010 3385 et
1031 3340 1151 3408 magno
1177 3319 1344 3386 liierarum

159 3430 370 3496 emolumento
400 3427 497 3493 obiici
528 3432 561 3492 et
582 3447 673 3512 posse
696 3431 729 3491 ot
751 3425 875 3492 debere.
922 3423 1007 3491 Satis
1031 3428 1134 3491 estin
1157 3447 1345 3513 unoquoque

158 3534 236 3602 libro
257 3534 378 3600 mribus
401 3535 582 3619 opinionem
605 3538 637 3599 et
660 3532 937 3628 consuetudinem,
966 3551 1062 3617 quam
1087 3534 1220 3617 quisque
1242 3535 1344 3618 sequi·
1445 3539 1447 3544 '

161 3647 225 3726 tur,
259 3640 431 3728 diligenter
462 3644 571 3705 notare
603 3644 634 3705 et
658 3640 703 3704 sic
727 3657 856 3704 omnem
879 3637 1036 3703 scribendi
1058 3639 1246 3704 varietatem
1270 3638 1345 3704 hinc

161 3753 263 3813 natam
287 3745 394 3811 valere
416 3746 535 3810 iubere.

199 3853 281 3918 Utar
303 3871 369 3916 nno
390 3848 552 3936 exemplo:
574 3847 731 3916 Herodoti
751 3854 875 3934 textus,
895 3871 990 3936 quem
1010 3854 1143 3928 vocant,
1164 3871 1203 3915 ex
1222 3850 1346 3917 duobus

161 3965 283 4026 tantum
313 3957 406 4023 libris
435 3976 487 4022 me
517 3955 622 4021 iudice
649 3955 888 4022 constituendus
911 3961 968 4021 est.
1017 3955 1133 4022 Omnia
1156 3956 1345 4023 emendandi

159 4065 294 4130 subsidia
316 4065 427 4128 insunt
448 4066 482 4128 in
499 4067 606 4129 vetere
626 4059 771 4127 Medioeo
792 4059 847 4146 (A)
867 4065 899 4127 et
919 4062 1028 4126 minus
1048 4062 1178 4146 antiqno
1198 4060 1344 4128 Romano

159 4169 216 4258 (R).
263 4168 429 4236 Mediceus
459 4168 494 4233 τί
525 4165 821 4249 προσγεγραμμένον
851 4167 928 4231 ἰῶτα
951 4186 1075 4252 semper
1095 4169 1127 4231 et
1149 4166 1268 4252 ubique
1291 4189 1345 4254 ap

157 4279 276 4366 pingit,
311 4278 411 4341 etiam
444 4275 502 4340 ubi
532 4272 641 4339 nullus
669 4273 745 4337 huio
776 4271 923 4339 literulae
955 4271 1044 4338 locus
1076 4277 1133 4338 eat.
1181 4272 1345 4342 Romanus

160 4389 262 4448 eontm
292 4381 404 4446 eadem
434 4382 610 4447 constantia
634 4399 759 4464 semper
781 4383 813 4443 et
836 4378 955 4464 ubique
979 4381 1102 4443 omitt't
1124 4384 1158 4446 et
1178 4381 1247 4467 ipse
1269 4403 1345 4452 non-

159 4509 330 4576 numquam
353 4508 483 4576 peccans
506 4487 718 4554 necessarium
742 4485 818 4550 ἰῶτα
841 4483 1046 4575 negligendo.
