3356 5084
864 277 930 344 488

348 461 456 536 Etiam
485 489 569 534 nuno
598 469 748 536 mendose
779 469 885 536 editur
914 491 990 558 pag.
1025 465 1125 534 1006.
1150 472 1184 534 et
1208 465 1307 534 1013.
1330 459 1493 540 tunitius.

305 579 338 643 et
359 596 433 665 pag.
458 573 536 642 970.
559 575 736 662 ἠντιβόλει,
761 581 794 642 et
817 574 938 642 similia
962 574 1115 663 quaedam
1142 573 1229 641 alibi.

350 769 430 859 Peg.
462 767 539 836 348.
571 768 627 836 23.
660 775 766 837 τοῦτο
800 770 830 836 δὲ
862 768 1010 848 όιιυμοόσι·
1041 772 1151 845 sieilia
1179 768 1280 856 [ΚΑΙ]
1304 763 1495 848 συμφέροντ’

305 873 400 942 όδόιιει
431 877 614 958 τετρῖιχόιιι
643 885 683 960 τῇ
714 876 815 943 πόλει.
861 875 937 942 Sine
967 896 1058 942 mora
1088 873 1211 960 expelle
1242 870 1414 940 molestum
1439 871 1497 936 κνιό

303 984 386 1050 vitio
425 1003 465 1049 ex
502 983 706 1069 praecedente
740 983 865 1070 syllaba
899 987 1030 1049 natum:
1066 1001 1181 1067 nempe
1214 980 1257 1046 τόν
1292 975 1493 1059 συμφέρουσιν

303 1087 397 1176 plene
418 1090 557 1154 nominis
578 1093 728 1155 naturum
749 1088 856 1155 induit
878 1094 912 1154 et
930 1087 1095 1154 dicebatur
1112 1086 1154 1151 τόν
1178 1085 1275 1166 μικροὶ
1293 1082 1496 1165 συμφέροντα

304 1193 357 1259 sal
388 1196 431 1258 τοὶ
462 1195 607 1273 μεγάλοι.
654 1194 883 1261 Demosthenes
905 1215 979 1282 pag.
1004 1191 1080 1258 234.
1107 1191 1161 1258 26.
1185 1193 1226 1257 τὰ
1251 1192 1347 1271 μικροὶ
1370 1191 1496 1271 συμφέ-

304 1323 394 1381 ροντοι
427 1307 483 1373 τῆς
518 1299 636 1375 πόλεως
671 1301 729 1366 ἔδει
765 1326 806 1376 με
838 1301 1031 1380 patema.
1063 1299 1107 1363 τόν
1139 1301 1165 1364 δ’
1197 1293 1257 1362 όλιι
1289 1294 1387 1376 ὥσπερ
1413 1291 1493 1361 οὗτοι

303 1405 511 1485 τετροιιιένιιις
543 1404 597 1472 Sic
627 1409 730 1494 igitur
759 1412 792 1472 et
815 1426 899 1471 nune
921 1405 1043 1472 dixerat
1069 1404 1216 1482 όοιυμοόσό
1241 1405 1335 1479 ιὶλόκο
1365 1401 1493 1484 σομφέ·

193 1589 194 1592 ,
302 1536 401 1594 ροντσ.
449 1511 608 1579 Similiter
636 1532 711 1601 pag.
744 1510 821 1577 368.
854 1510 908 1578 23.
939 1514 979 1584 σός
1010 1511 1158 1591 όοιυμόσι·
1191 1511 1286 1587 siriae
1318 1508 1492 1589 πεισόμενοι

303 1618 353 1685 διδ
377 1619 502 1692 τούτους
525 1617 646 1697 σῖγοιόό.

348 1797 428 1886 Peg.
453 1795 529 1862 349.
555 1794 586 1861 5.
611 1794 759 1874 ἐξέκλειον
783 1794 879 1877 λόγου
902 1798 1077 1878 τυγχσὶνειν
1102 1796 1173 1869 τοὺς
1195 1795 1320 1869 ἄλλους.
1357 1793 1393 1860 si
1416 1814 1491 1860 oum

303 1904 355 1969 his
378 1905 609 1989 comparaveris
631 1902 738 1969 locum
762 1923 836 1991 pag.
864 1902 962 1970 1107.
987 1902 1018 1968 4.
1043 1905 1105 1982 ἐγὼ
1125 1904 1155 1970 δὲ
1176 1903 1382 1975 σῖτενλεόσόιιν
1400 1907 1492 1965 Tor·

303 2008 400 2087 λόγου
423 2017 533 2090 τυχεῖν
558 2010 631 2088 ὑπὲρ
654 2005 692 2072 ὦν
713 2008 878 2088 σῖδιιιοῖιμιιι
901 2009 1066 2098 intelliges
1089 2008 1260 2075 articulum
1284 2028 1351 2073 esse
1374 2027 1392 2071 e
1414 2006 1493 2094 fuge

303 2114 547 2180 retrahendum:
580 2114 723 2196 ἐξέκλῃσε
756 2123 845 2181 Tot
880 2114 975 2194 λόγου
1009 2113 1190 2194 τυγχάνειν.
1237 2101 1360 2180 lilodem
1398 2133 1493 2178 sensu

303 2220 426 2286 dietum
458 2227 506 2286 est
536 2242 610 2311 peg.
638 2219 716 2286 229.
743 2219 797 2285 14.
822 2221 855 2285 οιί
878 2221 941 2300 γόιρ
966 2219 1166 2303 σόφσιιρεῖσόοιι
1189 2219 1237 2285 δεῖ
1257 2219 1292 2284 τὸ
1316 2218 1491 2297 προσελθεῖν

302 2327 345 2408 τῷ
376 2325 461 2407 δήμῳ
489 2327 541 2391 τισὶ
566 2325 661 2404 λόγου
685 2335 810 2408 τυχεῖν,
833 2333 865 2392 et
887 2329 1006 2412 pessim
1030 2329 1076 2391 sio
1098 2327 1193 2406 λόγου
1218 2334 1328 2406 τυχεῖν
1351 2324 1489 2402 dicitur,

302 2451 364 2517 quo
386 2435 495 2498 minus
517 2435 627 2498 veniae
649 2433 745 2499 habet
767 2431 921 2500 mirificus
944 2453 1028 2498 error
1050 2431 1310 2518 Harpocrationis
1329 2453 1361 2498 τ.
1384 2430 1488 2509 Λόγου

302 2561 424 2620 τυχειν.

345 2717 425 2805 Peg.
458 2717 535 2784 353.
572 2716 624 2783 19.
648 2721 886 2800 μεμαρτύρηται
912 2720 943 2785 ἑν
966 2719 1008 2800 τῷ
1032 2718 1117 2800 δόμῳ
1139 2757 1196 2797 -,
1221 2718 1273 2783 κιο)
1299 2723 1349 2783 νῦν
1374 2741 1492 2799 μσρτυ·

300 2822 474 2904 mesmes.
529 2817 718 2912 legendum
752 2824 804 2890 ιιιιῖ
841 2829 891 2889 νῦν
927 2833 984 2890 ΔΕ
1015 2848 1113 2905 μοιρτ.
1148 2823 1277 2909 perinde
1311 2829 1359 2890 est
1393 2845 1430 2890 eo
1463 2826 1491 2890 si

300 2927 432 2996 dixisset
454 2930 723 3012 μαρτυρνόιὶσετσιι
747 2938 805 2996 ΔΕ
828 2929 881 2996 καὶ
906 2937 967 2997 νῦν.
1014 2929 1052 2997 In
1073 2935 1186 2996 neutra
1204 2930 1307 2996 forme
1328 2929 1361 2994 δέ
1381 2929 1488 2996 obesse

342 3040 415 3100 test.

299 3054 421 3206 poPost
443 3160 545 3225 panos
565 3162 641 3231 pag.
661 3140 738 3208 354.
757 3139 787 3208 9.
810 3142 1031 3209 scribendum:
1052 3137 1219 3218 τοιήσεινῖ
1238 3141 1316 3220 μήτ’
1336 3141 1487 3223 σῖεχόνιιν

297 3245 374 3325 μήτ’
397 3243 523 3323 οὶδοξόοιν
546 3248 632 3329 αὐτῷ
655 3246 760 3332 ΦέρΟΙ
783 3269 841 3336 pro
864 3247 963 3331 Φέρει.

342 3424 422 3514 Peg.
457 3423 532 3492 360.
562 3424 613 3492 17.
640 3423 676 3492 ἵν’
700 3426 800 3501 εἰδῆτε
831 3423 919 3492 οἵων
951 3426 1151 3508 ιἰτσιρχόντυν
1175 3429 1281 3498 σιἰτοῖο
1306 3432 1380 3507 παρ’
1408 3427 1490 3506 ὑμῶν

291 3526 379 3596 *ΩΝ
411 3531 534 3611 ἔτυχον.
581 3529 616 3597 ei
645 3534 681 3597 in
711 3532 860 3598 omnibus
888 3532 981 3600 libris
1007 3531 1143 3600 fideliter
1166 3539 1247 3600 esset
1271 3537 1427 3620 seriptum
1451 3529 1489 3598 όν

297 3634 427 3719 ἔτυχον,
459 3636 513 3704 vel
543 3640 588 3704 sio
619 3644 729 3704 umen
762 3660 802 3705 ex
840 3641 997 3706 constanti
1032 3637 1225 3707 Graecorum
1260 3639 1487 3707 consuetudine

296 3739 361 3809 οόυν
396 3741 509 3825 ἔτυχον
543 3744 706 3812 emendari
740 3744 911 3813 debuisset.
963 3745 1056 3812 Nune
1091 3743 1154 3812 οῖον
1190 3751 1238 3813 est
1271 3749 1306 3812 in
1339 3747 1489 3812 omnibus

295 3853 420 3937 praeter
440 3847 473 3915 S.
501 3849 541 3916 Y.
566 3850 682 3936 quibus
705 3851 845 3919 ereditur
868 3855 966 3918 etiam
990 3853 1047 3917 ubi
1070 3850 1132 3918 fido
1154 3852 1281 3941 indigni
1304 3857 1389 3918 sunt.

341 3954 425 4036 Quid
455 3961 503 4022 est
532 3958 568 4021 in
598 3953 794 4023 Greeoorum
823 3956 938 4046 lingue
969 3960 1077 4024 tritius
1108 3979 1205 4044 quam
1236 3953 1285 4024 ola
1318 3994 1338 4007 -
1351 3951 1401 4024 οῖσι
1427 3958 1487 4022 sibi

296 4062 380 4126 inter
403 4082 436 4126 se
459 4060 701 4148 respondentia?
747 4061 919 4150 Sophocles
941 4064 1055 4130 Εόεσότ.
1080 4062 1156 4132 751.

544 4159 587 4233 οἷ’
611 4166 687 4249 ἔργον
711 4167 828 4249 δρόσος
852 4165 900 4235 οἷο
927 4167 1088 4250 λαγχάνει
1113 4169 1210 4236 κοινοί.

339 4271 569 4340 Demosthenes
598 4296 672 4363 psg.
708 4274 784 4343 712.
819 4273 872 4340 14.
905 4272 943 4339 ἵν’
972 4275 1073 4350 εόδιῖτε
1096 4277 1171 4357 τσρ’
1196 4273 1271 4350 οἵους
1297 4276 1404 4358 νόμους
1429 4275 1487 4344 οἷον

294 4373 379 4452 οὗτος
404 4380 589 4460 εῐσήνεγιιεν.
