3296 5104
718 355 759 422 15

135 546 272 630 repetita
302 543 417 611 delere.
463 545 606 613 Tandem
635 553 708 633 post
730 546 836 612 multa
858 546 984 613 saecule
1006 546 1169 652 Dobraeus
1192 548 1331 630 delevit,

135 671 234 734 quem
257 672 386 718 summo
408 655 477 718 iure
499 651 682 735 Diudprfius
704 659 832 718 secutus
856 657 914 719 ost.

184 860 263 949 Peg.
302 862 355 927 15.
390 859 445 928 23.
482 865 508 928 εἰ
543 863 574 929 δὲ
609 862 724 928 τούτων
757 865 1019 944 άποςερηθήσεται
1054 873 1113 932 τῶν
1146 868 1329 948 χρημάτων.

137 967 346 1034 Athenienses
387 971 566 1035 constanter
598 969 829 1050 άτοςερήσομαι
863 971 1028 1050 dicebaut,
1063 977 1102 1038 ut
1137 977 1327 1053 τιμήσομαι,

136 1074 351 1155 ζημιώσομαι,
376 1075 598 1158 ὥφελήσομαι,
623 1076 790 1154 ὀνήσομαι,
815 1077 1001 1154 ιἰδικήσομαι
1011 1126 1021 1156 ,
1045 1078 1162 1164 quibus
1182 1077 1333 1148 Graeculi

135 1184 255 1249 formas
278 1201 352 1247 suas
374 1179 533 1268 longiores
553 1181 799 1248 substituebant.

183 1393 264 1480 Peg.
292 1389 346 1458 16.
371 1390 422 1457 ll.
444 1389 502 1458 εἶτ’
522 1394 576 1458 οὐκ
597 1392 782 1473 αἰσχύνεσθε
800 1397 827 1460 εἰ
847 1395 920 1474 μηδ’
938 1388 960 1461 ά
979 1395 1101 1462 πάθοιτ’
1119 1397 1158 1463 ἂν
1176 1401 1202 1465 εἰ
1215 1398 1331 1466 δύναιτ’

137 1502 248 1570 ἐκεῖνος
271 1503 377 1563 ταῦτα
400 1507 524 1574 ποιήσαι
548 1500 651 1580 ιιοιιρθν
674 1497 800 1580 ἔχοντες
824 1499 883 1592 [οὐ]
904 1502 1080 1580 τολμήσετε
1087 1524 1097 1583 ,·
1117 1503 1217 1571 Nullo
1236 1505 1331 1572 modo

136 1607 171 1670 οὐ
201 1606 332 1670 retineri
362 1609 476 1690 potest.
522 1604 572 1671 No
602 1605 728 1672 dubites
756 1609 876 1693 inspice
907 1613 1065 1676 contortus
1094 1616 1128 1676 et
1159 1611 1198 1676 do
1227 1610 1331 1679 nihilo

135 1715 260 1777 sumtus
282 1708 443 1776 Schaeleri
466 1715 500 1778 et
520 1710 677 1777 Dindorfii
700 1715 985 1798 interpretationes.
1033 1713 1178 1782 Tuentur
1199 1719 1231 1783 οὐ
1255 1721 1331 1803 quic

134 1821 170 1884 in
192 1816 285 1884 libris
307 1818 456 1883 omnibus
478 1817 711 1884 chcnmiertur.
758 1817 863 1899 Quam
885 1819 984 1885 multi
1005 1820 1068 1887 loci
1090 1827 1222 1889 suntet
1245 1825 1329 1910 apud

134 1923 215 1990 ulios
245 1927 278 1988 st
307 1923 391 2009 apud
420 1925 530 2008 ipsum
560 1921 825 2002 Demosthenem,
854 1925 912 1990 ubi
933 1928 966 1992 ct
989 1927 1044 1993 vel
1064 1928 1110 2005 μή
1131 1936 1329 2016 repugnante

134 2049 211 2096 sane
240 2031 362 2095 ratione
388 2035 445 2094 aut
478 2028 587 2095 addita
615 2033 691 2094 sunt
719 2032 754 2095 in
775 2029 868 2095 libris
890 2035 948 2096 ant
969 2034 1096 2098 omissa.
1139 2031 1329 2099 Videbimus

134 2136 228 2202 inire.

180 2240 218 2307 si
245 2241 359 2308 fuisset
385 2241 533 2307 inlibris
556 2242 724 2308 emendata
745 2240 857 2308 lectio:
880 2243 908 2308 εἰ
930 2243 1003 2321 μηδ’
1025 2239 1049 2308 ά
1072 2242 1193 2309 πάθοιτ’
1220 2243 1258 2309 ἂν
1284 2282 1327 2294 -

135 2353 242 2413 ταῦτα
269 2355 393 2422 ποιήσαι
416 2348 517 2427 ιιαιρθν
540 2347 666 2428 ἔχοντες
688 2352 883 2426 τολμήσετες
909 2354 942 2414 ot
964 2348 1079 2436 aliquis
1099 2352 1132 2414 οὐ
1150 2351 1326 2428 τολμήσετε

137 2475 287 2541 reponere
316 2453 487 2532 voluimet,
515 2449 671 2538 quis'uou
695 2474 771 2519 eum
793 2454 957 2520 hominem
979 2457 1117 2522 insanire
1139 2461 1173 2523 et
1195 2456 1327 2523 delirare

135 2555 283 2646 putareti

179 2772 260 2860 Peg.
295 2769 346 2836 17.
380 2771 411 2835 5.
445 2771 496 2836 ael
529 2770 670 2851 πρόσεσθ’
704 2769 833 2852 ήήβρις
858 2771 910 2836 καὶ
934 2770 980 2836 ἔτι
1005 2773 1023 2846 ή
1046 2777 1105 2838 τῶν
1129 2775 1326 2855 πραγμάτων

136 2878 271 2960 αἰσχύνη
296 2876 439 2953 οὐδεμιᾶς
464 2875 603 2943 ἐλάττων
626 2876 741 2958 ζημίαις
764 2884 827 2948 τοῖς
846 2901 886 2955 γε
906 2879 1067 2959 σώφροσιν.
1115 2881 1327 2967 Lepidissimc

136 2981 280 3048 Iulianus
303 2984 338 3046 in
359 2982 504 3069 Dpistola
526 2983 567 3048 sd
583 2984 792 3050 Athenienses
810 3003 884 3071 pag.
905 2980 984 3052 287.
1006 3001 1034 3051 o.
1054 2988 1102 3052 ita
1119 2991 1262 3075 scripsit:
1283 2992 1325 3054 τὸ

136 3092 243 3153 παθεῖν
273 3112 310 3154 τε
338 3083 426 3165 οἶμαι
457 3089 644 3169 speciosiori
670 3088 715 3153 ἔτι
741 3089 758 3163 ή
781 3095 842 3154 τῶν
864 3088 1063 3170 πραγμάτων
1087 3093 1223 3173 αἰσχύνη
1245 3095 1326 3161 οὐδε·

137 3198 212 3270 μιᾶς
231 3195 371 3260 ἐλάττων
390 3193 505 3276 ζημίας
516 3204 579 3268 τοῖς
591 3220 632 3275 γε
643 3195 805 3278 σώφροσιν.
820 3195 861 3261 cf.
874 3195 1032 3263 Mnemos.
1049 3195 1146 3264 1859.
1161 3219 1235 3288 pag.
1248 3199 1324 3266 399.

180 3406 265 3495 Peg.
295 3404 348 3472 21.
385 3405 436 3472 16.
468 3411 628 3473 σκοπεῖσθε
658 3405 761 3484 μέντοι
792 3412 883 3472 τοῦτο
913 3405 992 3482 ὅπως
1023 3411 1068 3486 μή
1092 3409 1203 3488 λόγους
1227 3413 1324 3492 ε’ροῦσι

139 3513 226 3589 μθνον
257 3515 284 3579 σή
315 3515 389 3593 παρ’
418 3513 500 3591 ὑμῶν
523 3513 669 3595 πρέσβεις
692 3514 781 3578 άλλθι
804 3513 857 3578 καὶ
882 3512 969 3595 ἔργον
991 3539 1021 3580 τι
1046 3514 1189 3581 δεικνύειν
1209 3514 1326 3596 ἕξουσιν

139 3655 180 3668 —-
204 3623 243 3692 cie
276 3614 363 3692 άπας
385 3618 444 3696 μὲν
466 3619 558 3696 λθγος
581 3617 620 3683 ἂν
642 3620 710 3701 άτή
733 3619 776 3683 τά
799 3618 981 3700 πράγματα
1004 3619 1141 3698 μάταιθν
1163 3647 1193 3688 τι
1216 3625 1326 3707 Φαθνε-

137 3748 189 3789 παι
213 3727 266 3791 καὶ
290 3723 392 3803 ιιενθν,
417 3724 544 3803 μάλιςα
567 3724 598 3790 δὲ
621 3725 636 3788 ὅ
660 3725 746 3805 παρά
770 3731 825 3797 τῆς
850 3725 1003 3808 ήμετὲρας
1027 3727 1164 3802 πόλεως·
1184 3724 1242 3812 ὅσῳ
1262 3733 1325 3812 γάρ

138 3831 314 3909 ἑτοιμότατ’
344 3833 428 3913 αὐτῷ
461 3831 604 3910 δοκοῦμεν
626 3833 759 3911 χρῆσθαι
782 3833 913 3913 τοσούτῳ
936 3837 1060 3912 μᾶλλον
1083 3837 1228 3902 άπιςοῖισι
1249 3837 1324 3901 πάν·

138 3961 187 4009 τες
219 3939 315 4018 αὐτῷ.
363 3935 428 4004 Hic
459 3940 621 4025 imprimis
650 3937 739 4004 locus
768 3938 907 4004 declarat
937 3959 1034 4025 quam
1062 3938 1194 4006 licenter
1225 3945 1326 4027 inepti

138 4049 323 4109 correctores
353 4045 387 4109 iu
409 4042 507 4109 libros
529 4049 652 4110 veteres
674 4043 793 4110 fuerint
816 4047 963 4132 grassati.
1010 4044 1196 4112 Describam
1218 4045 1325 4112 locum

138 4155 175 4212 ut
203 4149 286 4213 mihi
319 4149 502 4216 scribendus
525 4169 592 4214 esse
614 4149 759 4215 videtur:
784 4151 911 4226 μάλα-α
934 4151 965 4215 δὲ
989 4152 1003 4216 ὁ
1026 4150 1113 4230 παρά
1135 4161 1192 4226 τῆς
1214 4151 1323 4229 ήμετέ-

138 4277 191 4334 ραι
222 4253 339 4326 πόλεως
370 4253 429 4337 ὅσῳ
452 4264 523 4320 ΚΑΙ
548 4255 724 4332 ἑτοιμάσατ’
748 4257 832 4335 αὐτῷ
855 4256 999 4333 δοκοῦμεν
1020 4258 1164 4337 χρῆσθαι.
1210 4256 1325 4325 Dicam

138 4363 279 4446 primum
310 4361 393 4427 uude
418 4363 500 4428 hauc
521 4369 663 4428 veterem
685 4360 855 4428 lectionem
878 4362 975 4428 luisse
998 4364 1187 4448 repererim,
1213 4365 1326 4433 deiude

139 4467 313 4532 rectissime
335 4470 383 4532 ita
405 4467 470 4534 dici
493 4468 722 4535 demonstrabo.
759 4467 931 4554 impostor,
957 4471 1014 4554 qui
1032 4467 1241 4536 Demostheni
1258 4491 1325 4538 ora·
