3296 5104
884 331 927 399 30

308 519 418 588 culum
441 521 527 588 adire
550 527 597 607 et,
620 527 658 586 ut
681 524 851 600 Ὁμηρικῶς
873 523 995 601 dicam,
1020 523 1111 590 τοῦτο’
1129 550 1168 590 εοι
1190 533 1245 606 κῆρ
1265 525 1398 592 εειδεται
1419 523 1535 593 εἶναι.

1635 616 1637 661 ι

353 735 432 823 Pag.
457 734 509 800 54.
535 732 556 798 8
579 739 748 820 postquam
780 737 1006 820 perstrinxerat
1038 737 1248 804 stoliditatem
1281 760 1415 818 eorum,
1463 743 1536 826 qui
1635 702 1640 769 ί

307 863 449 909 rumores
482 846 513 906 et
543 842 743 906 rumusculos
775 841 813 906 da
845 841 990 927 Philippi
1022 843 1162 910 consiliis
1192 851 1375 932 spargerent
1412 849 1535 932 quasi
1637 802 1642 888 ί

308 950 370 1015 sibi
392 951 476 1014 notia
498 951 545 1012 ita
567 951 688 1036 pergit:
715 948 775 1026 ἐγὼ
800 948 825 1012 δ’
850 943 937 1025 οἶμαι
962 950 1018 1026 μὲν
1042 987 1085 998 --
1110 951 1221 1016 ἐκείνου
1240 952 1361 1027 μείιίειν
1379 955 1431 1032 τῷ
1460 977 1534 1030 με·
1641 1005 1643 1044 p

309 1057 390 1135 γε’ίει
415 1061 473 1118 τῶν
496 1054 824 1133 πεπραγμένων-οῦ
850 1053 953 1130 μέντοι
978 1078 1018 1131 με
1041 1055 1090 1132 μοὶ
1115 1055 1168 1120 Δί’
1193 1055 1268 1121 οῦτιι
1292 1059 1532 1138 προαιρεῖσθαι
1642 1125 1643 1138 ¹

308 1162 454 1244 προίττειν
485 1159 542 1228 ries
574 1160 642 1231 τοὺς
675 1159 896 1234 ἀνοητοτάτους
920 1167 978 1224 τῶν
1003 1162 1076 1242 παρ’
1101 1164 1174 1238 ἡμῖν
1197 1162 1306 1228 εἰδέναι
1330 1163 1361 1226 τί
1384 1163 1528 1239 μέλλει

308 1278 402 1336 ποιεῖν
426 1270 546 1338 ἐκεῖνος.
582 1264 680 1330 Recte
703 1272 735 1331 et
759 1269 872 1331 acriter
895 1267 1036 1351 dictum,
1060 1267 1114 1332 sed
1137 1268 1211 1333 vide
1235 1267 1312 1352 quid
1332 1274 1527 1352 sequatur:

308 1376 505 1450 ἀνοητότατοι
529 1381 606 1436 ΓΛΡ
632 1372 705 1435 εἰσιν
729 1374 753 1436 oi
778 1375 1017 1448 λογοποιοῦντες.
1048 1371 1207 1438 Haeccine
1227 1380 1378 1458 putemus
1400 1374 1528 1439 Athe-

307 1481 470 1548 niensibus
493 1485 555 1549 τοῖς
581 1479 703 1540 παίντοιν
726 1477 884 1552 ὀξυτάτοις
909 1478 1021 1554 γνῶναι
1045 1479 1088 1542 rol
1111 1481 1236 1560 ῥηθέντος
1263 1483 1349 1566 (pag.
1371 1479 1424 1543 32.
1443 1478 1521 1565 22)

308 1611 347 1654 ne
370 1589 450 1653 torte
474 1589 577 1650 errent
595 1585 769 1650 necessaria
791 1579 911 1647 fuisset
941 1583 1043 1648 hbeat
1067 1585 1170 1671 igitur
1192 1583 1353 1650 inficetum
1381 1585 1519 1650 scholi-

308 1715 364 1760 um
388 1692 471 1757 unde
492 1693 637 1765 venerat,
662 1690 696 1751 in
719 1687 794 1753 libri
816 1690 1008 1776 marginem.

353 1903 433 1992 Peg.
457 1900 510 1968 58.
537 1901 590 1968 16.
624 1903 752 1968 κατιδὼν
783 1902 1001 1978 Νεοπτόλεμον
1024 1905 1075 1969 τὸν
1101 1905 1261 1984 ὑποκριτὴν
1286 1943 1328 1954 —-
1352 1908 1395 1970 rol
1420 1907 1511 1986 παρ’

309 2013 390 2089 ὑμῶν
418 2009 612 2096 [διοικοῦνται]
645 2009 789 2088 Φιλίππῳ
813 2008 893 2096 [καί]
927 2011 1164 2088 πρυτανεύοντα.
1211 2011 1297 2075 Audi
1318 2011 1510 2097 Harpocra-

307 2120 428 2183 tionem
458 2137 490 2181 v.
522 2115 850 2194 llpvravsriovcoe:
882 2117 985 2194 κυρίοις
1021 2117 1077 2192 μὲν
1108 2116 1177 2179 tort
1210 2120 1263 2180 τοῦ
1294 2119 1507 2197 πρύτανιν

306 2223 416 2288 ίντα·
442 2223 511 2286 olori
536 2222 567 2285 δὲ
591 2227 645 2286 τοῦ
669 2223 903 2286 διοικοῦντα
929 2219 1122 2296 Δημοσίένης
1148 2223 1177 2285 ἕν
1203 2231 1408 2296 Φιλιππικοῖς.
1441 2223 1506 2288 Vi-

307 2331 362 2396 des
391 2329 475 2394 unde
505 2332 549 2394 sit
579 2335 655 2393 nata
684 2327 803 2414 frigida
824 2326 1043 2412 interpolatio:
1074 2328 1269 2413 adscriptum
1293 2331 1327 2392 in
1349 2332 1503 2416 margine

307 2438 475 2501 διοικοῦντα
504 2436 585 2499 vitio
613 2440 777 2517 receptum
808 2439 856 2497 ost
885 2453 947 2517 quo
979 2433 1062 2498 facto
1094 2435 1147 2496 καί
1178 2433 1376 2498 addiderunt.
1424 2435 1501 2500 Non

306 2541 386 2606 solet
415 2539 644 2605 Demosthenes
674 2541 708 2601 in
738 2538 797 2603 tali
828 2559 861 2602 re
885 2538 982 2604 verba
1004 2539 1173 2615 ἰσοδύναμιι
1198 2541 1405 2626 coniungere,
1441 2540 1501 2604 sed

305 2646 407 2712 sicubi
430 2649 523 2710 retus
545 2644 737 2710 vocabulum
760 2665 821 2708 usu
844 2651 1007 2709 exemtum
1029 2643 1188 2731 legeretur
1222 2643 1399 2729 apponebat
1429 2666 1499 2710 ma-

305 2754 406 2841 gister
427 2770 546 2815 novum
571 2755 603 2813 et
625 2751 774 2814 omnibns
796 2756 918 2814 notum.

350 2963 430 3051 Pag.
455 2962 509 3030 59.
534 2961 563 3026 5.
588 2963 816 3047 Neoptolemus
845 2963 915 3040 πρὸς
949 2963 1058 3027 ἐκεῖνον
1085 2961 1298 3048 (Philippum)
1324 2963 1433 3045 ᾤχετο.
1459 2963 1489 3028 S.

305 3070 444 3149 οἴχεται,
468 3071 604 3154 optime;
623 3071 804 3153 nuperrime
824 3071 909 3134 enim
929 3075 1000 3152 post
1020 3089 1130 3153 pacem
1149 3071 1359 3153 compositam
1373 3070 1494 3136 abierat

306 3182 434 3262 eratque
457 3181 528 3240 tum
552 3196 626 3240 oum
649 3172 809 3259 Philippo
834 3173 921 3240 utde
948 3173 1113 3261 Agathone
1132 3178 1167 3239 in
1186 3175 1285 3238 Bonis
1305 3177 1388 3242 dixit
1407 3179 1496 3242 Aris-

306 3283 458 3368 tophanes
481 3281 604 3361 οίχεται
628 3282 658 3352 ἐς
681 3281 828 3359 μακοίροιν
854 3279 1007 3362 εὐωχίαν,
1040 3287 1107 3344 crat
1131 3284 1217 3346 enim
1241 3303 1315 3347 cum
1339 3303 1414 3370 rege
1437 3285 1494 3348 Ar·

304 3389 424 3454 ohelao.

350 3603 452 3666 Acuta
475 3597 559 3663 vidit
580 3595 761 3664 Dindorfius
782 3619 857 3686 pag.
881 3597 934 3664 61.
961 3598 1013 3664 14.
1041 3601 1113 3685 [σῦς
1134 3624 1169 3664 τε
1194 3597 1268 3666 εἶναι
1294 3601 1345 3664 καί
1370 3609 1491 3682 κρατεῖν

305 3713 363 3771 τῶν
388 3705 507 3788 ἄλλων]
531 3724 673 3789 pannum
696 3725 761 3770 esse
785 3725 802 3769 a
827 3703 1009 3792 magistello
1033 3711 1188 3771 assutum.

350 3918 430 4005 Pag.
455 3915 508 3982 69.
534 3915 586 3982 19.
608 3917 666 3982 ὃδὲ
693 3922 799 3982 ταῦτα
824 3919 879 3996 μὲν
904 3917 1015 3996 μέλλει
1040 3922 1092 3985 καί
1116 3924 1265 3998 μελλήσει
1290 3944 1349 3997 γε,
1375 3921 1411 3991 ὣς
1432 3921 1491 3997 ἐγὼ

305 4027 409 4105 κρίνοι,
441 4031 502 4095 τοῖς
535 4025 716 4098 Μεσσηνίοις
747 4024 853 4089 δὲκαὶ
878 4032 940 4094 τοῖς
965 4027 1116 4104 ’λρρείοις
1141 4029 1221 4091 'elil
1246 4027 1315 4096 τοὺς
1339 4025 1493 4089 Λακεδαι-

305 4132 421 4209 μονίους
446 4131 644 4208 συμβαίλλειν
668 4134 699 4195 οὐ
724 4133 844 4206 μέλλει.
893 4129 1018 4198 Ultima
1040 4132 1138 4198 verba
1160 4132 1301 4220 intelligi
1319 4153 1381 4197 non
1403 4151 1493 4217 posse

304 4239 381 4302 satis
415 4237 584 4300 ostendunt
619 4237 783 4302 doctorum
819 4239 1094 4323 interpretationes
1125 4237 1205 4302 οὐδὲν
1238 4241 1321 4315 ὑγιὲς
1353 4236 1492 4319 ἔχουσαι.

303 4344 445 4426 Antiqua
467 4345 623 4427 scriptura
647 4343 723 4407 haec
748 4353 831 4407 erat:
866 4351 928 4415 τοῖς
955 4345 1104 4424 Ἀργείοις
1136 4345 1206 4416 τοὺς
1231 4346 1490 4422 Λακεδαιμονίους

303 4447 502 4528 συμβάλλειν
527 4450 558 4511 οὐ
583 4447 712 4524 μέλλει,
738 4447 792 4512 sed
815 4448 892 4533 quid
915 4455 997 4514 esset
1020 4449 1220 4527 συμβάλλειν
1244 4472 1307 4517 non
1325 4451 1494 4516 intellexe-
