3304 5090
872 347 937 419 246

309 546 481 612 necessario
510 547 558 606 cst
589 541 819 608 eliminandum
852 549 884 608 et
914 565 1034 632 magna
1064 543 1190 610 Rhiano
1220 535 1364 610 habenda
1393 533 1500 630 gratia

311 655 376 735 est,
402 670 496 736 quem
520 653 642 714 constat
665 651 699 712 in
723 646 863 735 Odyssea
886 658 924 716 A.
949 651 1035 716 huno
1057 670 1186 716 versum
1209 652 1358 715 insuam
1385 647 1499 713 editio-

310 777 384 828 nem
414 776 478 822 non
507 757 669 840 recepisse.
718 753 836 820 Utrum
859 759 894 822 in
917 759 983 823 suis
1005 756 1096 822 libris
1118 776 1180 822 non
1203 757 1355 843 repererit
1377 775 1417 820 an
1441 771 1500 818 suo

311 863 431 928 iudicio
457 881 534 926 usus
569 863 757 944 expunxerit
790 882 915 948 semper
947 862 1160 951 ignorabitur,
1194 865 1270 948 quia
1302 863 1362 926 hoo
1396 879 1501 924 nnnm

312 971 448 1035 scimus:
473 963 557 1038 οὖτος
582 967 595 1029 ὑ
620 967 708 1048 ςίχοε
733 966 765 1030 ἐν
789 977 827 1050 σῇ
850 970 936 1034 acris
959 969 1073 1034 'Pacata
1096 969 1149 1035 οὑκ
1173 965 1217 1044 ἦν.

355 1075 405 1142 Ne
427 1075 487 1140 hoc
510 1073 640 1159 quidem
663 1073 856 1140 dubitationi
875 1076 1048 1142 obnoxium
1066 1081 1114 1142 est
1132 1078 1209 1161 quin
1229 1078 1326 1141 etiam
1346 1075 1381 1139 in
1399 1071 1502 1139 altero

310 1181 379 1250 loco
410 1193 444 1248 Β.
477 1178 552 1246 195.
582 1200 650 1265 sqq.
674 1180 732 1244 nbi
754 1179 845 1244 iidem
869 1203 979 1248 versus
1001 1189 1204 1268 repetuntur,
1227 1183 1263 1246 in
1284 1179 1402 1246 Rhiani
1427 1179 1501 1259 διορ·

310 1291 395 1356 ίιίσει
420 1290 555 1355 omissus
577 1286 675 1352 suerit
696 1306 744 1353 vs.
768 1283 845 1352 197.

448 1392 554 1460 πολλοὶ
576 1390 657 1469 μάλ’
680 1387 758 1458 ὑσσκ
783 1391 860 1458 ἔοικε
883 1395 978 1475 Φίλοις
1003 1395 1053 1460 ἐπὶ
1075 1393 1183 1469 rachio
1206 1392 1345 1461 ἕσεσὺοοι.

311 1523 408 1591 quern
437 1503 492 1587 qni
523 1501 689 1585 supposuit
720 1497 923 1577 δικσκενοιςιίς
956 1501 995 1567 de
1025 1503 1093 1566 dcte
1123 1503 1266 1590 cogitans
1296 1501 1504 1567 adumbravit

311 1609 409 1677 verba
430 1607 699 1694 Agamemnonis:

323 1775 327 1782 ,
450 1713 555 1778 sosas
577 1711 666 1789 μάλ’,
691 1708 755 1776 ὑσσ’
779 1713 861 1778 οὑσνι
884 1737 932 1786 τις
956 1715 989 1798 ἑῇ
1012 1713 1145 1780 ἐπέδωκε
1169 1713 1308 1793 caysus.

314 1827 346 1888 et
377 1821 609 1910 grammaticus
639 1821 743 1884 nescio
774 1822 846 1904 quis
876 1823 931 1905 qui
961 1820 1058 1888 verba
1088 1821 1295 1906 interpolata:
1319 1816 1399 1886 ὑεσκ
1423 1817 1504 1884 ἔοικε

314 1927 410 2010 Φίλοις
443 1925 492 1991 ἐσσί
525 1923 633 1997 accita
664 1921 791 1990 ἕσεσίοιι
819 1929 853 1990 in
880 1925 1017 1992 Scholiis
1039 1929 1086 1992 ita
1107 1929 1350 2012 interpretatur:
1383 1923 1503 1990 ἔεδνοι

314 2033 372 2101 ὑσσι
404 2034 452 2098 ὑεῖ
480 2029 560 2096 ’em
594 2040 632 2112 api
664 2033 792 2112 σοικὺσρ
820 2032 907 2098 παιδί
939 2041 1148 2098 ΔΙΔΟΟΘΛΙ
1173 2031 1259 2110 νεκροὶ
1282 2038 1341 2098 τῶν
1363 2030 1504 2109 ponctia-

314 2165 391 2217 οων,
425 2159 488 2204 non
521 2139 703 2222 interpretis
735 2138 883 2227 fungitur
912 2159 1061 2222 munero,
1092 2138 1146 2204 sed
1177 2141 1430 2204 comminiscitur
1463 2135 1504 2200 de

316 2266 373 2314 suo
401 2243 521 2331 aliquid
551 2243 634 2329 quod
663 2243 794 2329 reliquis
824 2245 931 2312 verbis
965 2248 1042 2314 satis
1077 2245 1243 2312 commode
1276 2247 1378 2331 aptari
1411 2261 1504 2330 posse

312 2353 491 2422 ridebatur.

360 2457 474 2524 Restat
503 2461 541 2520 nt
571 2454 735 2521 ostendam
766 2459 843 2542 quid
873 2461 916 2523 sit
946 2458 1121 2537 ιίλΦιίνειν,
1145 2460 1229 2526 unde
1251 2456 1377 2544 puellae
1400 2455 1505 2524 forma

316 2567 435 2635 eximia
456 2562 661 2641 ἀλφεσίβοιαι
686 2562 936 2648 appellabantur.
961 2565 1132 2649 ’λλφοίνειν
1156 2570 1188 2632 et
1211 2565 1357 2642 εὑρίσκειν
1376 2566 1506 2649 propria

315 2675 349 2738 ιἰι
380 2667 549 2736 οειιείίίίοκο
579 2667 676 2734 verba
700 2675 792 2745 sunt,
816 2670 941 2755 qnando
964 2691 1026 2737 non
1049 2672 1194 2738 venditor
1217 2677 1338 2736 certum
1362 2671 1504 2757 pretium

315 2777 457 2866 postulat
479 2774 533 2840 sed
557 2780 660 2840 emtor
683 2774 780 2840 offert.
827 2775 1025 2862 Perpetuam
1048 2781 1151 2865 igitur
1168 2777 1228 2842 hoc
1247 2776 1384 2843 verbnm
1402 2781 1452 2840 est
1469 2776 1505 2840 in

316 2882 526 2970 vectigalium
558 2880 713 2947 locatione
746 2887 779 2948 at
813 2883 1008 2970 ubicumque
1043 2887 1249 2950 emtnricntee
1279 2882 1445 2948 licitantur
1472 2884 1506 2946 ct

316 2988 461 3078 augendo
484 2988 586 3073 pretio
609 2989 693 3052 inter
715 3007 748 3054 se
772 2995 904 3054 comant.
925 2985 1003 3056 'Res
1025 2993 1096 3075 ipsa
1113 3011 1193 3077 quae
1213 2992 1259 3054 sio
1277 2988 1382 3054 oblato
1401 2989 1506 3072 pretio

316 3097 437 3164 vaeniit
467 3092 585 3158 dicitur
608 3095 700 3170 rapto
723 3098 817 3173 εὑρεῖν
841 3101 873 3162 ot
896 3097 980 3182 apud
1004 3102 1125 3162 veteres
1148 3098 1239 3172 τιμὴν
1261 3096 1396 3175 atocio,
1421 3092 1507 3158 unde

316 3200 480 3281 σιμκλΦίε
505 3205 618 3264 natum
641 3205 689 3266 est
709 3207 742 3266 et
761 3202 1001 3282 σιμκλΦί-ιοτον
1021 3213 1143 3280 κτῆμα,
1166 3203 1204 3268 dc
1223 3221 1286 3287 quo
1305 3200 1370 3266 vid.
1390 3199 1504 3264 Ruhn-

315 3311 388 3376 ken.
413 3306 453 3371 ad
470 3303 557 3371 [vim.
575 3326 649 3394 pag.
670 3306 747 3372 258.
768 3310 1025 3388 σιρικλφέςκτοντ
1046 3311 1081 3372 τὸ
1100 3311 1192 3387 σιμὴν
1216 3309 1333 3382 πολλὴν
1356 3306 1503 3384 εὑρίσκον.

315 3414 350 3480 σὺ
370 3413 433 3490 νὺρ
456 3409 609 3492 ὑλφεΐν
632 3412 774 3491 εὑρίσκειν
795 3414 873 3492 isia,
894 3413 927 3490 ἐξ
943 3412 977 3481 οὑ
989 3413 1191 3495 κοιίὍμιιρος
1215 3412 1503 3491 είλΦεσιβοίοιρ

317 3525 411 3586 καλεῖ
440 3517 499 3590 ‘tte
531 3518 726 3597 εὑρισκοὺσσε
757 3522 849 3596 τιμὴν
879 3521 970 3600 βίος.
1017 3521 1143 3588 Passim
1168 3542 1204 3587 eo
1227 3541 1322 3588 sensu
1343 3518 1503 3597 εὑρίσκειν.

315 3625 446 3714 iegitur.
492 3621 728 3710 Theophrastus
764 3627 912 3692 Choroott.
945 3625 997 3692 15.
1031 3627 1083 3692 κοί
1115 3634 1223 3692 πωλῶν
1252 3651 1282 3690 σι
1307 3627 1351 3703 ρκὺρ
1384 3624 1502 3701 λέγειν.

316 3741 380 3805 τοῖς
413 3731 583 3809 ὠνουμένοις
616 3729 709 3796 σὺσοο
744 3731 782 3797 ἂν
808 3733 969 3809 ὑπίδοιτο,
992 3733 1067 3799 ἀλλ’
1091 3735 1204 3813 ἐρωτᾶν
1236 3733 1275 3798 σί
1305 3729 1505 3810 εὑρίσκεις

316 3837 458 3926 postulat
481 3843 519 3901 nt
541 3839 609 3922 ipse
631 3842 735 3903 emtor
758 3837 887 3905 definiat
909 3842 1050 3925 pretium
1074 3840 1254 3925 offeretque.
1300 3837 1353 3904 Sic
1376 3839 1410 3902 in
1432 3857 1504 3904 vec-

316 3944 472 4034 tigalibus
503 3943 587 4029 apud
618 3941 861 4028 Xenophontem
892 3946 959 4024 σερί
992 3947 1097 4026 sapas.
1122 3964 1166 4012 iv.
1191 3943 1245 4010 25.
1270 3940 1335 4010 ὅσον
1354 3943 1389 4007 εὑ
1412 3941 1504 4016 τέλος

318 4049 482 4131 εὑρισκε
513 4054 571 4112 τῶν
604 4048 797 4127 anapaestos
821 4051 876 4132 νιρὺ
901 4058 959 4116 τῶν
983 4053 1013 4115 ἕν
1036 4050 1205 4134 Δεκελείᾳ,
1231 4055 1272 4116 et.
1297 4068 1342 4114 IV.
1366 4047 1419 4113 40.
1443 4045 1504 4112 ὑοσι

319 4157 447 4238 πρὸτῆς
468 4155 580 4232 είριίνιις
601 4153 756 4232 χρήματα
779 4153 941 4235 εὑρισκε
967 4158 1008 4222 σὺ
1030 4158 1122 4235 τέλη,
1144 4163 1175 4223 et
1195 4157 1279 4242 apud
1298 4155 1503 4220 Aristotelem

324 4263 472 4326 Occocom.
508 4259 538 4324 2.
571 4261 692 4332 ε’ποίιρσε
724 4261 759 4324 σὺ
784 4261 952 4338 ἐλλιμένιον
982 4264 1111 4344 εὑρεῖν
1142 4263 1177 4327 τὺ
1204 4262 1382 4335 ὑισλοίσιον,
1406 4261 1506 4348 effecit

320 4375 355 4433 ut
382 4367 551 4452 portorium
583 4365 673 4449 duplo
707 4367 819 4432 maiore
845 4369 945 4452 pretio
973 4371 1131 4435 locaretur.
1178 4367 1231 4434 Sic
1260 4367 1414 4454 quidquid
1443 4366 1504 4432 snb

319 4493 470 4562 praecone
514 4471 619 4536 vaenit
656 4473 748 4550 σιμὴν
784 4473 877 4556 εὑρεῖν
912 4475 1047 4554 dicitnr,
1081 4477 1183 4572 servi,
1219 4477 1357 4559 captivi,
1387 4471 1506 4566 pracda
