3356 5084
712 387 774 459 tat

147 579 291 648 Dobrsao
318 583 476 649 videntur.
526 581 683 670 Equidem
706 603 770 650 una
791 583 890 650 litura
913 582 1095 650 deleverim.
1144 583 1248 665 Quam
1274 584 1334 653 ier-

147 687 222 753 vida
253 697 328 754 sunt
350 692 455 776 priora
479 710 578 776 usque
604 691 643 756 ad
668 689 717 754 ἐπὶ
743 692 799 766 τήν
825 689 971 764 Ἀττικήν
994 689 1141 772 ἐπορεύεθ’
1167 687 1332 772 όόνθριυποσ,

147 799 214 860 tam
254 795 375 884 frigent
408 795 539 884 reliqua.
610 795 646 862 Si
679 796 848 884 Philippus
882 798 996 863 infesto
1031 799 1172 864 exercitu
1204 799 1332 884 petebat

13 891 14 894 ¹
144 902 305 981 Athenas,
337 923 435 988 quam
466 903 593 970 fatuum
616 908 665 969 est
688 904 801 970 addere
826 926 913 983 „noa
935 911 1000 969 erat
1022 904 1150 990 οοιρόθιιν
1171 927 1219 970 σοι
1241 904 1332 970 ambi·

141 1032 221 1093 ροισ,
244 1011 298 1074 red
319 1010 451 1074 instabat
475 1008 612 1075 terame
659 1008 727 1090 Quo
748 1015 858 1097 paeto,
884 1030 1016 1096 quaeso,
1039 1011 1170 1075 ῖιιιόιιόαό
1192 1010 1330 1090 bellum,

13 1115 14 1120 ’
145 1117 229 1204 qued
252 1115 424 1202 Philippus
447 1137 575 1183 summa
596 1118 631 1184 vi
653 1138 763 1206 gerere
786 1114 924 1184 dieitur?

191 1325 273 1414 Peg.
300 1323 377 1393 277.
401 1323 433 1390 2.
458 1324 640 1406 προβληθεὶς
664 1325 849 1408 πυλαγόρας
868 1321 953 1399 οὗτος
975 1325 1059 1412 [καὶ]
1078 1332 1162 1409 τριῶν
1183 1325 1200 1403 ή
1220 1323 1334 1391 τεττιό·

147 1456 201 1513 ρων
232 1431 509 1514 χειροτονησάντων
538 1433 631 1497 αὐτὸν
657 1431 808 1513 οῖνερρήθη.
864 1430 899 1498 si
922 1432 982 1499 hoe
1005 1453 1081 1522 ages
1102 1431 1195 1499 fusile
1217 1434 1335 1500 senties

144 1538 317 1605 molestam
340 1537 488 1626 copulam
512 1539 653 1627 expungi
675 1543 827 1624 operiere.

190 1749 270 1839 Peg.
296 1745 374 1817 277.
400 1745 430 1814 3.
454 1751 493 1822 ιθς
517 1749 549 1815 δέ
562 1787 603 1798 -
618 1748 751 1830 ἀφίκετο
771 1749 813 1821 εῖς
834 1747 904 1822 τοὺς
925 1747 1158 1830 Ἀμφικτύονας
1173 1788 1214 1799 -
1227 1750 1350 1831 dates·—

145 1881 218 1928 πους
252 1857 396 1936 οῖπεόρους
428 1852 539 1934 λόγων
561 1853 613 1920 καῖ
646 1859 680 1920 τό
709 1853 825 1932 μέλλον
853 1856 887 1919 οὖ
910 1854 1128 1936 προορωμένους
1153 1857 1238 1944 [τοὺς
1262 1857 1334 1937 ἱερο·

144 1963 319 2049 μνήμονας]
356 1961 451 2028 πεόθει
485 1961 689 2043 ψηφόσασθαι
723 1961 890 2042 περιελθεῖν
920 1961 975 2036 τήν
1006 1963 1122 2043 χόριον.
1174 1962 1247 2029 Νοιι
1268 1982 1333 2029 uno

143 2075 337 2159 argumento
358 2071 503 2156 ineptum
524 2065 683 2134 emblema
702 2069 859 2156 arguitur.
897 2067 1047 2134 Primum
1066 2067 1205 2134 alienam
1223 2068 1331 2135 sedem

144 2181 296 2263 occupat:
331 2175 444 2242 deinde
472 2195 534 2240 non
560 2173 642 2240 soles
665 2174 880 2254 ἱερομνήμονος
904 2173 958 2239 sed
982 2173 1199 2256 οῖμφιιιτύοιας
1222 2193 1332 2240 omnes

145 2283 192 2368 (id
224 2286 274 2347 est
305 2285 337 2347 st
368 2281 585 2360 ἱερομνήμονος
617 2285 649 2346 et
679 2278 876 2362 πυλαγόρας)
915 2300 1162 2347 commemorare
1188 2279 1331 2345 debebat.

145 2387 207 2455 Sed
239 2387 324 2454 nihil
356 2393 424 2454 erat
455 2408 549 2474 opus,
577 2388 652 2472 quia
674 2386 769 2452 modo
793 2385 917 2454 dixerat
939 2387 1072 2470 ἐφίκετο
1096 2387 1138 2459 εἷς
1161 2384 1231 2458 τοὺς
1253 2388 1332 2464 Ἀρ·

143 2497 325 2578 φικτθυνοις.

187 2705 270 2795 Pag.
294 2701 372 2770 285.
397 2702 451 2769 20.
475 2705 502 2769 ei
527 2702 558 2767 δέ
583 2702 757 2788 (παρελθεῖν
781 2701 852 2789 ete)
875 2704 945 2777 τοὺς
969 2703 1022 2771 καὶ
1046 2701 1148 2776 εὔνους
1171 2712 1210 2786 τῇ
1240 2700 1330 2768 πόλει

144 2812 195 2877 καὶ
230 2811 393 2883 πλουσίους
427 2807 580 2897 (ἐβάδιζον
611 2809 649 2876 θον
681 2809 732 2874 ἐπὶ
764 2810 798 2875 τό
829 2810 935 2898 βήμιι)
968 2811 993 2876 οῖ
1026 2810 1112 2888 μετὰ
1142 2814 1247 2875 ταῦτα
1271 2807 1332 2878 rete

143 2916 294 2998 μεηιθλας
329 2916 476 2990 ἐπιδόσεις
509 2915 661 2988 ἐπιδόντες
696 2915 763 3001 [καὶ
795 2926 873 2983 ΓΑΡ
901 2918 1001 3002 εὔνοι’ρι
1024 2916 1076 2982 καὶ
1101 2916 1225 2999 πλοθτιρ
1248 2915 1332 2981 τοῦτ’

144 3023 318 3112 ε’ποόησοιν].
368 3022 471 3104 Quam
501 3024 644 3088 risissent
673 3023 882 3092 Athenienses
911 3026 937 3090 οῖ
968 3024 1093 3090 πόντον
1118 3022 1261 3103 όξθτατοι
1288 3020 1332 3087 πθ

142 3131 272 3214 ρἠθέντα
296 3136 428 3209 γνῶναι,
453 3131 480 3195 si
503 3131 574 3215 quis
596 3129 673 3195 haee
696 3131 778 3195 serio
801 3129 984 3197 addidisset.

187 3340 269 3430 Peg.
296 3337 372 3406 286.
398 3338 452 3405 20.
473 3338 624 3418 βούλεται
638 3378 679 3389 -
693 3340 763 3412 τοὺς
787 3340 844 3418 μὲν
868 3340 977 3405 ἐαυτοῦ
996 3341 1106 3422 Φόλους
1127 3341 1240 3421 ἐποῖροιι
1262 3341 1330 3427 [καὶ

144 3451 263 3532 θρασεῖς
299 3449 454 3530 ποιήσαι],
487 3445 556 3519 τοὺς
590 3446 615 3510 δ’
644 3445 886 3523 ἐναντιουμένουο
912 3443 1127 3522 καταπλῆξαι.
1174 3445 1331 3532 Superva-

142 3578 236 3623 cuum
273 3553 526 3620 additamentum
555 3551 619 3619 loei
653 3553 845 3618 eoneinnitas
878 3555 1010 3636 respuit.
1057 3553 1209 3633 Ἐποῖραι,
1246 3552 1331 3639 quod

140 3666 248 3750 ipsum
281 3657 441 3749 signifieat
465 3660 585 3739 θρασεῖς
610 3665 750 3731 ποιήσαι.
774 3663 842 3724 tam
865 3657 951 3725 male
973 3658 1052 3726 haee
1073 3659 1171 3725 verba
1192 3659 1254 3725 sibi
1278 3659 1332 3724 ad·

141 3769 209 3835 dita
240 3767 338 3833 habet
370 3786 407 3832 ae
429 3767 457 3831 si
479 3767 514 3830 in
536 3785 602 3850 sqq.
629 3765 833 3832 scriberetur:
857 3762 1062 3842 καταπλῆξαι
1085 3763 1139 3830 καὶ
1163 3765 1204 3838 εἷς
1230 3765 1331 3843 Φόβον

142 3881 337 3948 aerarium.
386 3867 550 3937 Concitata
573 3873 674 3937 oratio
696 3870 778 3935 haue
799 3871 1025 3936 verbositatem
1048 3891 1110 3937 non
1133 3872 1288 3937 admittit

185 3980 355 4046 Praeterea
386 3977 438 4042 καὶ
470 3979 588 4057 θρασεῖς
621 3983 744 4051 ποιήσαι
775 3977 809 4040 iu
839 3975 931 4042 libris
953 3981 1060 4043 mutat
1082 3975 1207 4055 locum,
1232 3982 1270 4043 ut
1293 3999 1330 4045 sa

141 4088 243 4154 solent
265 4105 346 4172 quae
370 4085 572 4172 invmargine
594 4081 673 4150 olim
697 4082 855 4168 adscripta
877 4082 1015 4147 fuerunt

186 4296 269 4386 Pag.
302 4293 379 4363 287.
412 4293 467 4361 20.
502 4293 534 4360 τό
563 4287 614 4360 οὖν
643 4291 729 4372 Φημὶ
762 4291 842 4369 triam
875 4298 989 4372 πρῶτον
1018 4291 1075 4369 μέν
1106 4291 1158 4358 τὸν
1191 4293 1329 4374 πιιρόντα

144 4407 302 4470 ἐπανεῖναι
326 4400 444 4484 φόβον,
459 4440 501 4450 -
515 4399 612 4466 ἔπειτ’
634 4396 812 4476 ἐξελθόντας
828 4435 869 4447 -
883 4395 980 4474 δεῖξαι
1000 4401 1096 4464 τοῖσιν
1116 4399 1198 4478 ὑμᾶς
1219 4403 1330 4478 αὐτοὺς

144 4511 221 4600 (leg.
247 4509 297 4574 καὶ
321 4508 447 4597 αὐτοὺς)
470 4509 581 4580 ἐντοῖς
602 4503 707 4579 όπλοις
727 4501 822 4586 εἶναι,
838 4543 877 4556 -
892 4505 977 4586 μετὰ
998 4509 1102 4571 ταῦτα
1120 4519 1331 4589 χειροτονῆσαι

1160 4619 1188 4662 ³1
