3356 5084
724 309 790 378 479

159 499 196 564 de
221 499 257 563 F.
282 499 309 564 t
346 519 417 588 pag.
444 498 520 568 577.
546 501 601 568 21.
626 500 689 585 βορῖ
713 500 780 584 [καὶ
804 500 917 585 λέγει]
941 507 973 569 et
997 502 1081 588 apud
1105 501 1277 568 libanium
1298 501 1350 568 IV.

161 603 238 670 350.
270 605 325 670 24.
356 607 389 670 οὐ
421 605 575 682 τολλοίκις
599 610 683 684 ἡμῶν
708 606 831 682 ἠκούετε
855 607 994 686 βοώντων
1018 609 1083 692 [καί
1109 606 1277 693 λεγόντων]
1304 604 1350 672 ὅτι

160 711 416 790 ἐπεβουλεύεσθε.

207 923 288 1010 Peg.
319 921 397 988 258.
426 923 478 988 10.
505 923 592 1003 ὑμεῖς
617 923 780 989 τοίνυν-
806 925 954 1002 εὐναῖος,
980 925 1013 989 οὐ
1037 923 1131 1005 τείχη
1156 931 1210 998 τῆς
1234 924 1351 998 πόλεως

161 1029 234 1095 τίτε
258 1028 519 1107 κτησαμένης
544 1027 689 1106 ἐξήλθετε
713 1032 755 1102 είς
780 1031 954 1110 Ἀλίαρτον.
1000 1028 1172 1096 Manifesto
1198 1033 1354 1096 vitiosum

162 1143 210 1204 eet
241 1136 447 1214 κτησαμένης.
495 1133 622 1202 Clamat
652 1139 809 1202 sententia
831 1138 1002 1223 perfeetum
1032 1136 1219 1212 κεκτημένης
1243 1139 1355 1222 reponi

163 1255 325 1330 oportere,
349 1242 383 1308 id
406 1248 454 1308 est
477 1243 620 1322 ἐχούσης.
668 1244 889 1312 Necessarium
913 1243 1101 1320 κεκτημένης
1125 1246 1228 1308 estin
1252 1244 1354 1308 omni·

163 1351 221 1416 bus
254 1347 356 1414 libris.
404 1346 497 1414 Solus
531 1347 555 1414 S
590 1349 722 1415 exhibet
752 1349 949 1428 κτησαμένης
981 1371 1000 1416 a
1030 1349 1132 1415 scriba
1163 1350 1355 1415 dormitante

161 1457 340 1542 profectum
375 1461 407 1522 et
438 1459 544 1540 aperte
575 1455 776 1522 mendosum.
823 1455 944 1522 Tamen
971 1457 1011 1522 ob
1033 1455 1110 1522 libri
1133 1456 1353 1522 auctoritatem

161 1561 293 1645 ακρίτως
318 1567 366 1628 est
389 1565 562 1647 receptum.

208 1773 436 1857 Quaecumque
459 1772 650 1838 documenta
672 1771 801 1858 publiea
824 1774 857 1838 in
880 1774 1092 1858 prioreparte
1112 1775 1265 1839 orationis
1285 1771 1351 1853 τερί

161 1884 214 1944 τοῦ
246 1879 384 1959 ςεΦιίνου
415 1879 534 1944 inserta
565 1877 730 1966 legumus,
763 1881 979 1960 ψηφίσματα,
1012 1880 1173 1963 ε’τιςολαί,
1207 1879 1352 1961 γραφαί,

164 1985 358 2063 κατοίλοηοι,
383 1983 484 2063 νέμοι,
515 1984 696 2065 μαρτυρίαι,
721 1985 872 2064 δόγματα
898 1985 1154 2067 ἈμΦικτυίνων,
1180 1984 1354 2065 ἀποκρίσεις

164 2099 196 2157 et
226 2091 366 2170 similia,
402 2093 508 2159 omnis
531 2091 570 2156 ad
593 2112 695 2156 unum
719 2094 826 2177 spuria
850 2097 882 2158 et
906 2095 1128 2158 commentitie
1152 2097 1226 2156 sunt
1248 2093 1355 2175 inepte

163 2205 196 2264 et
227 2198 395 2284 pueriliter
427 2195 500 2263 liuta
533 2203 565 2263 et
597 2200 761 2283 supposita
791 2198 831 2263 eb
858 2200 917 2276 iis,
942 2201 997 2284 qui
1020 2219 1121 2283 neque
1143 2195 1251 2262 rernm
1274 2197 1355 2262 enti·

163 2326 300 2391 querum
323 2324 424 2389 neque
447 2302 579 2390 linguae
601 2305 719 2368 veteris
742 2306 899 2370 rationem
923 2304 1082 2370 tenebunt.
1123 2303 1185 2382 oui
1208 2303 1286 2368 haee
1309 2304 1356 2366 in·

164 2410 337 2498 ter-polerit
368 2413 440 2495 post
472 2428 547 2495 pag.
580 2405 657 2473 291.
692 2413 869 2494 pertaesus,
904 2414 942 2474 ut
974 2409 1120 2481 videtur,
1152 2407 1356 2473 futilissimee

164 2537 275 2604 operae
298 2520 428 2601 repente
451 2513 556 2580 desiit.

206 2624 319 2690 Unum
344 2627 471 2687 tentum
495 2641 534 2686 er
556 2620 706 2686 omnibus
729 2641 840 2686 omnes
862 2621 959 2687 hebet
983 2622 1129 2686 veritatis
1152 2641 1301 2686 numeros
1324 2624 1356 2684 et

163 2733 230 2796 sine
262 2730 475 2794 controversia
505 2727 641 2812 probum
673 2733 720 2791 est
750 2734 782 2793 et
812 2729 989 2815 genuinum
1021 2747 1093 2813 pag.
1128 2725 1204 2790 255.
1239 2728 1272 2792 τὸ
1297 2733 1356 2790 τῶν

164 2835 334 2916 Βυζαντίων
366 2835 532 2914 ψήφισμα.
580 2832 667 2913 Quae
699 2834 742 2898 sit
770 2833 868 2900 huius
897 2835 944 2898 rei
975 2853 1070 2899 ceusu
1099 2839 1131 2897 et
1162 2833 1246 2899 unde
1269 2835 1356 2898 neoti

164 2946 227 3008 sint
257 2943 379 3007 scribae
410 2939 628 3024 antiquissimi
657 2941 859 3004 monumenti
883 2938 1067 3024 exemplum
1092 2941 1298 3023 exposuimus
1322 2941 1357 3004 in

165 3050 353 3134 Mnemosyne
377 3044 434 3110 XI.
462 3043 558 3109 1962.
584 3065 659 3132 pag.
686 3043 750 3109 195
774 3066 841 3131 sqq.
866 3044 922 3109 ubi
946 3050 978 3109 et
1000 3043 1153 3110 nonnulle
1176 3045 1357 3112 emenderi-

164 3176 236 3222 mus
268 3152 405 3223 δαῖόντος
437 3152 602 3237 (δηοῦντοςί
634 3171 690 3236 pro
724 3151 877 3228 δαίοντος,
910 3147 1046 3225 ἐξείλετο
1081 3151 1144 3229 οίμέ
1180 3171 1236 3237 pro
1272 3152 1335 3228 οὶμέ
1347 3201 1356 3231 ,

164 3261 285 3340 ίεοορίοις
315 3278 372 3345 pro
403 3259 544 3339 θεωρίας,
578 3257 633 3337 ὑφ’
665 3257 753 3332 οὶμῶν
786 3279 843 3344 pro
874 3257 930 3338 ὑφ’
962 3258 1054 3334 ἡμῶν.
1103 3255 1272 3324 Praeterea
1299 3279 1357 3344 pro

164 3367 235 3431 τοτί
258 3366 317 3440 τίον
341 3362 450 3443 βωλοίν
474 3366 598 3450 requiro
622 3365 742 3428 ποττὰν
766 3362 894 3440 βωλιίν,
920 3364 1009 3427 etin
1032 3360 1093 3428 fine
1117 3357 1196 3435 ίτως
1217 3362 1357 3434 έττιςέων-

165 3497 217 3537 ται
251 3473 277 3536 ei
306 3469 462 3542 Ἕλλανες
494 3477 671 3534 ΠΑΝΤΕΟ
696 3477 787 3535 ΤΑΝ
813 3477 872 3532 ΤΕ
895 3467 1062 3533 Ἀθαναίων
1086 3470 1275 3557 αίρετίινικαί
1297 3470 1358 3534 τίον

166 3578 338 3661 Βυζαντίων
377 3575 569 3659 εὖχαριςίαν.
638 3572 769 3641 (lodices
803 3575 921 3646 τοίντες
957 3574 1131 3648 Ἀθηναίων.
1199 3573 1359 3641 Personus

165 3683 283 3752 τιίιτες
307 3686 341 3748 in
364 3683 423 3748 τοίν
445 3707 481 3746 τε
506 3683 662 3749 convertit
684 3682 739 3747 sed
764 3687 899 3766 utroque
924 3699 1002 3765 opus
1026 3687 1083 3746 est.

211 3893 294 3981 Peg.
329 3889 406 3956 259.
438 3889 492 3956 20.
524 3891 621 3955 είτείν
655 3887 736 3972 ἔχων
766 3889 965 3972 ναυμαχίας,
998 3885 1116 3964 ἐξόδους
1145 3887 1243 3969 ττεζίος
1272 3889 1358 3976 [τρα-

169 4001 288 4082 τείας],
314 3989 385 4069 -ίις
410 3996 539 4068 οἶτοίσας
565 3998 582 4072 ἦ
606 3994 695 4068 τέλος
719 4005 774 4072 τῆς
798 3999 856 4062 τῶν
880 3995 984 4061 ἄλλων
1008 3997 1161 4072 Ἑλλήνων
1188 3997 1357 4075 ἐλευθερίας

165 4107 216 4172 καί
242 4105 392 4184 σωτηρίας
417 4101 593 4179 σετοίηται.
642 4102 720 4183 Quis
743 4105 845 4168 nescit
868 4103 1002 4170 οἱστικιςί
1029 4102 1094 4167 diei
1116 4101 1215 4168 solere
1246 4100 1356 4177 ἐξιέναι

164 4233 221 4299 pro
256 4209 460 4288 ςρατεύεσίαι
495 4214 527 4274 et
564 4207 661 4284 ἔξοδος
692 4229 749 4294 pro
779 4205 927 4288 ςρατείαί
973 4207 1095 4272 Deinde
1125 4207 1294 4273 haeremus
1325 4210 1359 4272 in

166 4320 320 4408 genitivis
352 4315 523 4394 ἐλευθερίας
557 4316 608 4379 καὶ
641 4315 801 4394 σωτηρίας.
849 4311 1047 4380 Gerreetores
1081 4319 1203 4378 veteres
1233 4314 1272 4379 de
1303 4335 1360 4381 suo

163 4428 372 4510 reposuerunt
416 4419 528 4505 [ἕνεχ’]
569 4423 719 4498 ἑλληνων,
762 4419 819 4488 elii
862 4419 995 4494 ἑλληνων
1032 4414 1140 4517 [ἕνεκ’]Ι
1179 4420 1358 4514 ἐλευθερίας.
