3308 5090
690 389 753 460 133

122 584 193 672 qnid
215 582 341 673 igitur?
376 582 539 649 Sententia
557 583 676 648 elamet
695 583 769 649 eddi
789 584 919 662 debere:
944 609 1003 651 ινοιι
1018 587 1176 670 placebant
1195 583 1315 675 siquae

122 693 225 756 coeteri
255 693 471 764 ικοίίεθιιινίκι,
502 690 556 755 sel
585 713 644 754 κοιι
669 692 814 773 probabas
840 692 1021 777 reliquorum
1044 694 1181 760 οοιοοίίίο.
1229 695 1314 776 Quid

121 797 323 886 inteligitur
345 801 397 862 in:
422 801 474 863 οὐκ
495 797 633 873 ἠρέσκετο
647 832 666 847 -
679 806 743 869 τοῖς
767 800 833 876 περὶ
854 809 910 872 τῆς
931 800 1078 878 *βουλῆς
1101 803 1313 867 ὈΝΟΜΑΕ-

121 902 227 970 θεῖσινί
251 905 354 970 Recte
377 901 491 969 (loreis
514 903 579 980 περί
605 909 659 974 τῆς
683 905 892 982 ἘΠΙβουλῆς.
931 904 990 972 Sed
1013 907 1209 985 κομισθεῖσιν,
1230 908 1314 993 quod

121 1011 201 1076 idem
224 1013 380 1089 coniecit,
405 1016 461 1075 eut
483 1009 714 1085 ὁμολογηθεῖσιν
743 1010 795 1076 vel
820 1011 1061 1088 ἑτοιμασθεῑσιν.
1084 1013 1169 1098 quod
1192 1013 1315 1078 Meine·

120 1117 171 1182 irio
191 1120 225 1182 in
246 1123 394 1182 mentem
418 1117 523 1190 venit,
548 1115 650 1180 nihilo
672 1114 806 1182 meliora
828 1125 902 1182 sunt
925 1138 1021 1203 quam
1043 1118 1127 1202 quod
1149 1119 1313 1206 vulgatur.

121 1223 266 1290 Rseeribe
290 1223 445 1303 τοῖςπερὶ
478 1228 532 1293 τῆς
565 1222 732 1299 ἐπιβουλῆς
767 1225 1055 1289 ΕΤΝΟΜΟθείσιν.
1106 1225 1313 1303 Συνομοθῆναι

122 1330 235 1395 dicitur
258 1337 298 1395 ni
322 1330 407 1416 spud
430 1327 675 1413 Aristophanem
699 1331 734 1394 in
757 1329 941 1415 Ινροιζιθιοιοο

325 1437 411 1502 τουτὶ
434 1438 469 1503 πθ
492 1439 630 1514 πρᾶγμα
655 1435 854 1516 πανταχόθεν
878 1437 1091 1517 ξυνομώμοται

327 1544 385 1608 θπδ
407 1547 465 1607 τῶν
488 1541 651 1620 γυναικῶν.

122 1657 152 1716 et
173 1651 214 1716 τοδ
238 1649 446 1728 συνομοθθντιι
470 1653 545 1713 sunt
566 1649 693 1712 οοιιιίθία
714 1649 944 1715 οοιιίκιοίοτιιιιι.

164 1756 335 1824 Praeterea
364 1775 421 1841 pro
452 1755 580 1832 ἁπλῶς,
613 1755 696 1840 quod
727 1776 820 1822 sensu
852 1763 954 1835 earet,
986 1753 1090 1830 ἄλλως
1115 1757 1317 1823 scribendum

124 1863 256 1929 videtur.

165 1971 258 2036 Nune
292 1971 402 2034 omnis
428 1967 523 2052 plene
554 1972 629 2031 sunt
659 1971 691 2032 et
721 1967 845 2052 reliquo
876 1967 965 2033 nullo
995 1971 1124 2056 negotio
1157 1969 1318 2036 emendari

125 2083 260 2162 possunt
313 2073 485 2160 Sequitur:
508 2073 661 2137 συνέκειτο
685 2073 741 2148 μὲν
764 2073 799 2146 δὴ
822 2081 885 2144 τοῖς
910 2076 1087 2144 ’Ὑακινθίοις
1108 2075 1137 2138 ἐν
1159 2079 1200 2154 τῷ
1220 2077 1319 2153 Ἀμν-

126 2185 217 2262 ιιλαίιρ
251 2181 493 2256 συντελουμένου
526 2184 579 2242 τοῦ
610 2179 727 2256 ἀγῶνος
760 2181 848 2254 ἡνίκα
873 2186 969 2258 (reete
993 2180 1142 2247 Meineke
1167 2184 1243 2254 ἡνίκ’
1266 2181 1317 2267 θον)

126 2291 174 2362 τὴν
197 2299 290 2364 κυνῆν
322 2291 479 2366 περίθνρται
514 2286 528 2349 θ
561 2287 719 2355 Φιίλανθοι
750 2286 900 2350 ποιεῖσθαι
932 2289 986 2362 τθρν
1011 2287 1152 2352 ἐπίθεσιν.
1177 2289 1318 2365 γνώριμοι

126 2397 150 2460 δ’
172 2395 248 2470 ἦσαν
277 2395 340 2460 aisti
364 2403 419 2469 τῆς
444 2393 540 2470 κθμιιο
567 2394 593 2456 oi
618 2397 670 2456 τοῦ
694 2392 800 2468 δήμου.
848 2392 936 2458 Haeo
960 2397 1068 2458 omnis
1091 2415 1167 2459 seno
1188 2399 1264 2459 sunt
1286 2399 1319 2460 et

126 2505 263 2591 integre,
295 2501 351 2567 sed
380 2499 531 2565 mendose
561 2505 635 2564 sunt
665 2519 745 2583 quae
768 2507 959 2584 sequuntur:
986 2499 1253 2579 ἐξαγγείλαντες
1287 2501 1317 2565 δὲ

127 2613 219 2692 λιίθρρι
244 2609 291 2673 τθο
311 2610 504 2685 συγκείμενα
528 2613 585 2668 τῶν
611 2606 676 2683 περί
702 2605 862 2670 Φοίλανθον
891 2605 970 2690 [καί]
995 2611 1047 2670 τοῦ
1072 2609 1186 2683 οὶγῶνος
1213 2609 1317 2676 ἐνεπιδ-

128 2741 172 2787 τοο
204 2715 356 2795 προελθὼν
388 2714 400 2778 θ
434 2710 526 2791 κιίρυξ
558 2707 643 2776 εἷπε·
678 2716 722 2787 μὴ
754 2710 792 2776 διν
829 2714 991 2790 περιθεῖναι
1023 2721 1111 2784 κυνῆν
1146 2713 1315 2780 Φοθλανθον.

126 2826 281 2908 Apertum
306 2829 356 2888 est
372 2841 440 2886 rem
462 2841 521 2886 sou
541 2821 684 2906 tetigisse
705 2815 824 2883 Coruin
844 2819 1085 2883 rescribentem:
1109 2819 1318 2898 ἐξαγγειλάν-

127 2939 209 2995 τΩΝ
238 2931 270 2995 δὲ
294 2929 393 3009 λιίθρρι
417 2928 459 2991 τοὶ
483 2931 674 3003 συγκείμενα
699 2932 756 2988 τῶν
785 2925 851 3002 περί
877 2924 1053 3003 Φοίλοινθον,
1077 2945 1173 3010 quem
1198 2932 1318 2993 certum

128 3038 379 3102 emendationem
401 3033 546 3098 Editores
565 3033 714 3096 reiioiunt
731 3033 805 3116 quie
821 3033 982 3115 superiora
1001 3051 1063 3096 non
1083 3031 1317 3120 intelligebant.

128 3142 326 3210 Phalanthos
349 3143 434 3204 enim
458 3141 525 3224 ipse
549 3140 784 3202 coniuratorum
810 3137 941 3202 consilis
966 3144 998 3203 et
1021 3142 1231 3203 constitutum
1255 3141 1319 3227 sig-

129 3271 199 3314 nnm
225 3249 310 3314 olem
335 3245 451 3331 populo
475 3247 614 3330 aperuit,
642 3246 667 3308 oi
693 3243 724 3308 δὲ
751 3244 920 3320 αίοθθμενοι
945 3246 982 3315 oie
1006 3245 1201 3319 μεμννθκκσι
1227 3246 1319 3333 (adde

130 3359 216 3441 τινες)
243 3359 298 3428 τὶρν
324 3352 490 3427 ἐπιβουλὴν
514 3353 539 3414 oi
562 3352 618 3426 μὲν
644 3348 864 3429 διεδίδρασκον,
889 3352 914 3414 oi
939 3349 965 3414 δ’
989 3349 1130 3416 ἱκέτευον.

170 3462 307 3528 Restant
329 3461 411 3524 vitis
434 3461 466 3522 in
491 3457 633 3522 ultimis:
658 3459 806 3534 προελθὼν
830 3457 843 3521 θ
869 3454 961 3533 κίρυξ
982 3451 1049 3520 εἶπε
1073 3459 1117 3533 μὴ
1137 3455 1213 3522 *AN
1238 3481 1320 3538 περι-

131 3571 216 3634 θεῖναι
243 3576 333 3640 κυνῆν
354 3565 520 3630 Φίλανθον.
557 3563 594 3628 In
616 3563 721 3629 verbis
741 3567 901 3648 praeconis
921 3562 958 3628 θον
983 3563 1128 3628 additum
1145 3565 1319 3630 absurdum

132 3681 229 3742 estet
252 3677 417 3749 περιθεῖναι
441 3693 497 3758 pro
521 3673 691 3749 περιθέσθαι
715 3673 870 3756 peninon
892 3679 1003 3756 potest.
1041 3669 1152 3755 Neque
1171 3671 1210 3736 de
1232 3691 1324 3757 prae·

132 3802 201 3850 cone
225 3783 346 3848 dieitur
368 3779 470 3857 λέγειν
490 3779 545 3843 sed
569 3779 774 3856 οὶνοιγορειίειν.
823 3777 933 3862 Itaque
956 3797 1071 3862 repone
1096 3786 1153 3842 AN
1174 3798 1231 3843 suo
1250 3778 1319 3843 loeo

133 3895 160 3952 et
181 3889 304 3955 scribe:
329 3888 343 3951 θ
368 3885 460 3966 κιίρυξ
483 3885 624 3951 ’ΛΝείπε
647 3887 692 3963 μὴ
716 3883 885 3966 περιθέσθαι
910 3885 1191 3982 κυνῆνιψοίλανθον.

173 4101 251 4190 Peg.
277 4099 356 4166 280.
381 4101 420 4184 (οί
444 4098 696 4176 Λακεδαιμθνιοι)
728 4096 947 4168 ἕπανελθθντεο
981 4098 1082 4162 οίκοιδε
1113 4097 1182 4168 τοὺς
1207 4099 1316 4177 Παρθε·

135 4211 192 4281 νίας
225 4211 287 4289 οὐχ
321 4207 428 4283 ὁμοίως
460 4215 522 4276 τοῖς
546 4206 653 4276 σίλλοις
678 4207 800 4284 ἐτίμων.
827 4243 867 4254 -
893 4207 918 4270 οί
943 4205 1035 4277 (adde
1059 4204 1103 4284 δὲ)
1126 4205 1321 4279 σννιςοίμενοι

135 4317 213 4391 μετὰ
237 4322 296 4380 τῶν
322 4313 464 4379 Είλιθτιον
489 4315 729 4389 ἐπεβούλευσαν.
746 4319 857 4377 -τῶν
883 4313 913 4376 δὲ
936 4314 1078 4377 Εἱλώτων
1102 4321 1202 4378 τινες
1225 4312 1321 4392 ἔξαγ-

135 4427 316 4499 γείλοιντΕΕ
340 4421 375 4486 τδ
399 4423 455 4496 μὲν
479 4422 724 4486 οίντεπιτίθετθκι
749 4424 894 4500 χαλεπὸν
919 4417 1056 4497 ἔγνωσαν
1081 4425 1207 4503 (nempe
1227 4419 1322 4485 Lsoe·

136 4527 322 4616 domenii),
337 4563 379 4577 -
393 4528 462 4596 τοὺο
483 4525 658 4605 μέλλοντας
683 4526 710 4592 δ’
734 4525 826 4605 αίρειν
846 4526 881 4592 τδ
901 4529 1057 4602 σθσσκμον
1077 4525 1111 4591 ἐκ
1127 4532 1183 4599 τῆς
1205 4526 1322 4605 θγοροῖς
