3356 5084
743 387 806 458 451

179 575 314 656 πθλεμος
346 578 462 657 γένοιτο
491 581 562 660 πρὸς
584 589 622 664 τῇ
646 582 752 666 χώρᾳ,
778 583 842 653 πῶς
867 579 906 646 ἂν
930 580 1024 645 αὐτὸν
1046 579 1140 647 οθεσθε
1164 580 1291 662 ἑτοίμοις
1316 581 1369 664 ἐφ’

180 684 263 763 ὑμᾶς
295 685 412 760 ἕλθεῑνς
445 681 504 751 εἶτ’
528 687 582 751 οὐκ
605 687 790 768 αἰσχύνεσθε
815 689 840 753 εἰ
866 689 973 753 ΜΗΔ·
996 678 1019 754 i
1042 686 1163 754 πάθοιτ’
1186 684 1246 765 ἂν,
1270 688 1296 753 si
1321 685 1370 753 nt·

179 787 259 853 ναιτ’
285 790 413 868 ἐκεῖνος,
438 795 543 858 ταῦτα
567 801 693 868 ποιῆσαι
714 792 815 875 καιρὸν
835 791 960 875 ἔχοντες
983 803 1040 860 OT
1061 795 1253 874 τολμήσεπες
1273 793 1369 860 Com·

177 895 336 982 parendus
367 901 415 962 est
441 919 516 963 eum
537 899 589 963 his
610 898 699 966 loeus
722 902 757 964 in
780 897 926 966 nisiaea
949 919 1024 989 psg.
1053 898 1130 967 532.
1154 897 1198 966 25
1224 894 1295 964 εἶτα
1317 899 1369 964 τὸν

178 1002 234 1079 μὲν
266 1003 413 1084 χορευτθρν
443 1005 505 1070 οὐδ’
536 1005 550 1069 θ
584 1004 801 1086 προσκαλέσας
833 1006 920 1072 καπθι
943 1004 994 1070 τὸν
1018 1005 1107 1084 νόμον
1131 1004 1259 1088 οθζθμιος
1283 1003 1370 1088 ἔται,

176 1109 228 1174 τὸν
252 1110 284 1175 δὲ
307 1111 442 1191 χορηγὸν
467 1111 565 1176 ΟΤΔ·
590 1109 604 1174 θ
629 1111 795 1191 συγκόψας
819 1112 905 1192 παρὰ
929 1111 1053 1185 ποθντοις
1076 1111 1147 1186 τοὺς
1168 1112 1274 1192 νθρισνο
1294 1107 1370 1178 οὗτοι

177 1217 316 1298 φανερῶς
341 1224 397 1280 OT
421 1215 506 1282 δώσει
530 1218 631 1294 itum
656 1217 746 1285 Idem
769 1220 803 1283 in
825 1223 960 1304 utroque
983 1217 1052 1284 loeo
1077 1216 1227 1285 similiter
1245 1237 1370 1303 compo-

177 1324 239 1388 sito
270 1324 391 1389 vitium
420 1325 513 1389 inest.
568 1323 605 1390 In
638 1331 773 1412 utroque
804 1324 905 1392 nitere
926 1327 1057 1413 negatio
1080 1326 1195 1392 vitiose
1218 1321 1369 1390 abundat.
1419 1383 1420 1388 ,

178 1427 215 1494 In
237 1428 383 1494 Μὶιθθανισ
404 1427 427 1494 8
450 1431 512 1496 fert
534 1450 629 1517 opem
652 1434 805 1497 omittens
828 1432 861 1497 οὐ
882 1436 956 1497 unte
976 1430 1080 1509 δώσει,
1101 1427 1372 1517 quemadmodum

178 1538 212 1600 in
243 1534 301 1600 illo
331 1535 400 1602 loeo
432 1537 464 1602 οὐ
496 1542 570 1602 unte
600 1541 776 1616 τολμήσετε
807 1536 1055 1626 expungendum
1087 1557 1155 1604 esse
1178 1537 1369 1602 sensuimus.

178 1641 290 1709 Potest
320 1647 429 1709 tumen
459 1646 558 1710 etium
590 1643 652 1711 alio
683 1645 778 1712 modo
806 1647 980 1710 sententies
999 1643 1087 1710 lobes
1111 1643 1233 1720 senari,
1257 1659 1373 1726 nempe

179 1747 283 1816 deleto
315 1750 394 1828 μηδέ
426 1755 459 1816 et
488 1748 575 1828 οὐδὲ,
607 1755 645 1816 ut
675 1749 906 1818 Demosthenes
936 1749 1068 1816 dixerit:
1101 1750 1126 1815 εἰ
1158 1743 1181 1814 s
1216 1746 1373 1812 πάθοιτ’

179 1853 218 1921 ἂν
241 1893 284 1904 -
307 1859 414 1922 ταῦτα
438 1858 668 1934 rusticationi
692 1859 888 1936 toeneium
913 1862 963 1923 et:
987 1857 1038 1923 τὸν
1058 1854 1089 1922 δὲ
1109 1853 1242 1938 χορηγὸν
1263 1853 1277 1919 θ
1296 1877 1373 1933 συγ·

179 1961 281 2042 κόψας
303 1998 346 2010 -
371 1965 404 2029 οὐ
440 1962 526 2028 δώσει
561 1963 661 2040 δίκαις
700 1962 785 2050 quod
821 1962 951 2049 quidem
981 1964 1016 2028 in
1046 1963 1151 2048 priore
1179 1959 1249 2029 looo
1278 1959 1375 2026 hebet

180 2068 324 2154 ediquem
358 2069 398 2135 ob
433 2071 592 2136 sententis
625 2069 946 2137 commendationem.
1004 2067 1063 2136 list
1097 2069 1184 2135 enim
1219 2067 1374 2153 oppositio

179 2177 263 2241 inter
287 2172 413 2240 ποθθοιτε
438 2181 470 2242 et
494 2181 634 2255 ποιῆσαι,
659 2177 738 2262 quod
757 2177 919 2262 Philippus
933 2177 1080 2264 fecisset,
1104 2175 1181 2240 idem
1203 2196 1254 2240 oue
1263 2174 1376 2260 sonere

179 2305 239 2348 τινα
269 2267 441 2348 audebitis?
487 2281 571 2357 Μιρδ1
600 2279 623 2350 oi
655 2283 781 2350 ποθθσιτε
813 2286 861 2350 ite
891 2283 1010 2350 dieitur
1043 2283 1134 2368 qussi
1167 2280 1376 2372 Athenienses

181 2390 304 2456 maiora
330 2395 362 2454 et
392 2391 541 2476 graviore
564 2388 651 2456 melo
663 2387 776 2476 sonere
799 2409 897 2475 quem
919 2394 1050 2472 οοσθρονσ
1072 2389 1269 2474 potuissent,
1292 2384 1376 2471 qnod

182 2515 257 2561 oum
279 2496 328 2562 rei
347 2501 463 2562 netum
484 2501 619 2584 pugnet.

224 2703 305 2793 Peg.
333 2703 386 2770 19.
413 2703 465 2770 15.
489 2707 543 2770 τοῦ
568 2704 678 2770 ἐκεῖνον
704 2702 939 2791 (Philippum),
964 2699 1037 2783 ὅπερ
1060 2701 1113 2768 καὶ
1138 2701 1250 2778 ἀληθὲς
1275 2699 1373 2784 ὑποθρ-

180 2832 248 2890 χει,
273 2816 434 2894 φαῦλον
456 2809 635 2893 φαίνεσθαι.
669 2809 803 2876 Dixerat
820 2808 1051 2877 Demosthenes
1073 2817 1278 2876 ΦΛΑΤΡΟΝ
1299 2809 1376 2893 φοιθ·

181 2917 294 2983 νεσθαι.
340 2916 500 3003 Perpetuo
531 2920 614 2983 inter
644 2937 678 2983 se
708 2915 945 2982 continuantur
974 2919 1097 2997 φαῦλος
1124 2921 1156 2982 et
1178 2920 1317 3000 φλαῦροι
1341 2918 1377 2983 in

181 3021 274 3088 libris
296 3025 433 3099 nostris.
458 3023 513 3090 sed
537 3025 612 3108 quin
635 3023 819 3088 discrimine
844 3026 929 3088 nerto
955 3020 1134 3108 ffiserepent
1155 3042 1219 3089 non
1242 3028 1290 3093 est
1315 3023 1377 3090 dii·

183 3125 266 3194 fieile
295 3134 407 3195 utrum
438 3133 562 3214 φαῦλος
594 3151 634 3196 an
664 3132 803 3212 φλαῦροι
828 3125 1032 3194 seribendum
1055 3128 1099 3192 sit
1121 3127 1239 3214 ubique
1263 3132 1378 3197 eonsti-

182 3237 282 3301 tuere.
330 3241 452 3308 oasin
481 3238 568 3301 enim
592 3234 756 3300 σσοιθσοιθθοο
779 3234 913 3308 dieitur,
939 3236 1080 3316 Φλαῦρος
1103 3233 1203 3300 odiose
1224 3240 1258 3302 st
1279 3235 1379 3302 ονίιιιθ·

182 3361 260 3405 νισσσ.
297 3347 419 3416 Φαῦλος
440 3348 489 3408 est
509 3341 657 3420 εὐτελής,
677 3341 783 3420 ὀλίγον
806 3337 908 3419 ἄξιοι,
929 3338 1218 3428 εὐκαταφρόνητος,
1236 3342 1377 3428 οαιιιρθς,

182 3447 327 3525 ταπεινός
357 3457 390 3515 et
419 3452 493 3516 sim.
541 3453 679 3529 Φλαῦρος
703 3461 812 3513 oontrs
834 3451 882 3512 est
909 3443 1003 3518 κακθς
1015 3494 1025 3525 ,
1050 3446 1193 3527 πσνιρρθς,
1213 3447 1376 3530 μοχθηρά.

182 3555 356 3641 Philippus
387 3556 635 3623 Atheniensibus
657 3553 741 3620 nihil
763 3555 871 3620 minus
894 3573 992 3639 quem
1013 3556 1136 3635 φαῦλοι
1160 3573 1228 3620 esse
1248 3554 1377 3622 videbe·

185 3671 253 3740 tut,
287 3662 344 3728 sed
372 3664 469 3728 οσοθιιι
500 3667 533 3730 et
563 3663 719 3746 improbus.
768 3658 806 3726 In
836 3660 982 3726 ididem
1013 3679 1087 3746 pag.
1117 3655 1193 3726 553.
1219 3657 1273 3727 17.
1296 3659 1379 3740 ὤμνυ

184 3769 312 3850 -μιρδὲν
336 3768 483 3850 εἰρηκέναι
507 3769 574 3849 περὶ
600 3769 696 3834 αὐτοῦ
727 3770 882 3848 Φαῦλον.
917 3768 962 3832 sie
985 3763 1024 3844 S,
1050 3764 1108 3832 alii
1129 3767 1248 3834 rectius
1270 3771 1377 3849 Φλιοῦ-

183 3901 245 3960 ρον,
276 3881 315 3942 ut
346 3877 467 3961 optime
496 3875 618 3964 legitur
645 3894 719 3961 pug.
754 3869 830 3938 488.
865 3869 895 3940 7.
928 3873 983 3939 καθ
1012 3895 1078 3951 μοι.
1096 3871 1190 3949 μηδὲν
1225 3873 1375 3958 ὀργισθῇς.

183 3983 265 4050 οὐδὲν
294 3980 359 4063 γθιρ
389 3987 556 4065 φλαῦρον
589 3982 641 4062 ἐρῶ
669 4004 714 4044 σε.
741 3984 774 4045 et
796 3999 871 4066 pag.
896 3975 973 4045 581.
998 3976 1052 4045 19.
1076 3979 1143 4059 περὶ
1170 3973 1208 4045 ὧν
1232 3979 1315 4047 οὐδὲν
1337 3979 1377 4046 θιν

89 4133 93 4140 ,
183 4089 300 4169 ampo
323 4087 396 4169 πρὸς
421 4087 504 4166 ὑμᾶς
537 4089 703 4171 Φλαῖιρον
735 4085 807 4164 ἐγώ.
832 4087 933 4152 etsie
957 4084 1036 4151 alibi
1058 4085 1178 4172 passim
1201 4085 1286 4172 apud
1307 4087 1378 4154 Ari·

184 4196 374 4283 stophanem
387 4197 577 4281 'praesertim
600 4199 632 4260 et
650 4191 830 4258 Plutonem.
866 4191 978 4277 Itaque
998 4189 1204 4279 oorngendus
1226 4196 1275 4257 est
1289 4190 1378 4259 loeus

183 4301 410 4369 Demosthenis
442 4322 516 4390 pag.
550 4296 627 4367 177.
658 4300 675 4364 1
701 4299 797 4370 οὐδεὶς
822 4298 884 4379 ἕρει·
911 4301 1058 4380 φαῦλον
1088 4294 1189 4372 οὐδέν,
1213 4299 1378 4366 imovero

185 4413 326 4491 Φλοιῖιρον
354 4407 452 4483 οὐδέν,
483 4407 518 4473 id
549 4414 597 4474 est
628 4405 724 4479 οὐδεὶς
758 4411 860 4477 κακῶς
893 4405 964 4486 ἐρεῖ.
1009 4401 1145 4470 Videtur
1177 4409 1316 4487 φλαῦρος
1346 4410 1380 4472 in

186 4515 431 4584 desuetudinem
462 4514 590 4593 obiisse,
628 4512 683 4580 sed
714 4515 836 4596 φαῦλος
869 4510 982 4578 tulisse
1010 4505 1163 4590 estatem,
1185 4511 1295 4599 ituque
1316 4532 1380 4581 non
