3304 5090
890 357 954 428 194

323 548 523 618 oculatorum
548 553 680 616 testium
703 562 760 618 aut
784 558 868 620 certe
891 552 1167 638 epatribus,‘qui
1185 550 1358 636 vidissent,
1379 555 1515 636 acceptu.

324 653 533 724 Callisthenes
565 659 667 744 igitur
699 658 784 723 haud
815 658 912 724 dubie
942 658 1020 724 haec
1048 680 1087 724 ex
1110 657 1267 723 Herodoti
1289 658 1433 722 historiis
1456 677 1517 722 non

324 765 486 829 nominato
509 769 636 829 auctore
659 766 693 828 in
716 764 837 829 librum
860 785 956 829 suum
980 763 1155 830 transtulit.

369 867 618 954 Nonnumquam
649 869 770 934 lactum
800 876 849 935 est
872 876 909 935 ut
931 871 1065 936 historia
1087 870 1126 935 ab
1151 868 1313 934 Herodoto
1335 881 1464 934 narrata
1485 872 1519 934 in

323 973 484 1039 nonnullis
515 975 652 1041 formam
682 981 824 1040 mutaret
855 981 887 1041 et
918 978 964 1042 sic
991 997 1093 1062 neque
1123 997 1199 1042 vera
1226 977 1273 1040 rei
1303 978 1385 1041 ratio
1417 995 1518 1060 neque

324 1099 418 1144 verus
441 1087 550 1147 auctor
572 1079 666 1146 facila
685 1087 916 1168 agnosceretur.
964 1081 1161 1168 ermplum
1181 1080 1265 1146 vide.
1313 1078 1517 1148 Commemo

325 1191 374 1249 rat
405 1184 519 1252 Strabo
550 1207 623 1274 pag.
657 1185 733 1252 320.
780 1187 940 1272 Apollinis
969 1188 1134 1254 oraculum
1163 1187 1286 1253 editum
1311 1189 1352 1251 iis
1375 1189 1433 1272 qui
1455 1186 1521 1274 By-

325 1293 467 1356 zantium
500 1299 590 1358 erant
621 1293 795 1359 condituri:
829 1293 879 1358 τὸν
912 1295 1100 1360 Ἀπίλλυνά
1133 1301 1215 1373 φασι
1246 1301 1309 1364 τοῖς
1334 1292 1518 1357 tricarici

325 1394 486 1475 Βυζάντιον
530 1397 629 1478 θςερον
653 1391 758 1476 1ριετοὶ
794 1401 848 1474 την
885 1402 943 1464 ὑπὸ
978 1399 1151 1480 Μεγαρέων
1186 1397 1383 1478 Καλχηδόνος
1420 1401 1519 1464 κτίσιν

323 1504 611 1585 Κνοτηριαζομένοις
636 1503 807 1585 προστάξαι
833 1506 1014 1580 ποιήσασθαι
1040 1508 1094 1580 την
1116 1503 1231 1586 ἵδρυσιν
1255 1505 1439 1570 ἀπεναντίον
1459 1512 1518 1570 τῶν

325 1616 469 1686 τυφλῶν,
491 1613 631 1692 τυφλοὺς
653 1613 835 1676 καλέσαντα
855 1611 924 1684 τοὺς
944 1612 1172 1691 Καλχηδονίους
1193 1607 1238 1676 θτι
1260 1611 1399 1691 πρότερον
1420 1611 1517 1676 πλεθ-

324 1737 436 1786 σαντες
471 1718 513 1787 είς
545 1719 614 1789 τοὺς
645 1718 755 1790 τθπους
788 1718 922 1799 ἀφέντες
954 1721 1009 1792 την
1040 1721 1135 1797 πέραν
1167 1727 1344 1798 κατασχεῖν
1375 1723 1518 1784 τοσοῦτον

324 1825 458 1885 πλοῦτον
490 1821 624 1902 ἔχουσαν
655 1821 769 1890 εἵλοντο
793 1827 847 1900 την
872 1825 1067 1905 λυπροτέραυ.
1115 1824 1288 1910 Aliquanto
1310 1827 1379 1890 veri
1403 1823 1518 1889 simili·

325 1945 380 1990 ora
412 1925 594 1996 Herodotus
628 1933 803 1996 memoriae
838 1930 980 2016 prodidit
1013 1930 1066 1995 IV.
1100 1929 1176 1996 144.
1234 1929 1434 2012 Μεχάβαζος
1472 1967 1513 1978 -

324 2033 449 2097 ἐπύθετο
482 2034 696 2100 ἑπτακαίδεκα
729 2036 809 2102 ἔτεσι
842 2035 981 2115 πρότερον
1013 2035 1240 2116 Καλχηδονίους
1267 2036 1436 2106 κτίσαντας
1461 2038 1517 2111 την

321 2139 423 2218 χθρην
447 2139 633 2220 Βυζαντίων,
662 2142 827 2216 πυθόμενος
851 2144 883 2208 δέ
907 2141 967 2220 ἔφη
992 2143 1217 2221 Καλχηδονίους
1242 2144 1421 2208 retroacta
1445 2141 1516 2222 χρθ-

323 2268 370 2308 νον
393 2246 566 2324 τυχχάνειν
589 2247 695 2316 ε’θιτας
716 2251 874 2328 τυφλούς·
895 2251 927 2313 οὐ
950 2248 1013 2325 χάρ
1035 2250 1073 2313 ἀν
1093 2253 1147 2312 τοῦ
1168 2249 1327 2322 καλλίονος
1350 2247 1515 2322 παρεόντος

323 2351 435 2430 κτίζειν
459 2351 556 2430 χοίρου
579 2353 630 2417 τὸν
655 2355 801 2432 αἰσχίονα
826 2353 960 2420 ἑλέσθαι.
985 2355 1025 2436 [εί
1050 2356 1094 2432 μη
1115 2347 1191 2427 ἦσαν
1212 2355 1337 2435 τυφλοί.
1362 2354 1512 2441 putidum

321 2455 481 2542 glossema
514 2457 636 2523 dudum
666 2459 861 2526 Herwarden
891 2461 1072 2545 expunxit}
1118 2459 1226 2526 Facile
1261 2463 1421 2526 cemimus
1453 2481 1515 2546 quo

321 2569 413 2645 pacto
433 2583 472 2628 ax
495 2563 651 2630 Herodoti
673 2569 852 2632 narratione
875 2586 958 2634 nova
979 2565 1089 2632 sabula
1112 2573 1180 2631 orta
1204 2568 1256 2630 sit.

366 2666 447 2733 Utar
481 2677 590 2736 antem
625 2671 684 2737 hac
719 2672 937 2738 observatione
969 2678 1010 2758 ut
1045 2672 1123 2739 duos
1157 2671 1322 2737 Strabonis
1355 2671 1442 2738 locos
1475 2695 1515 2740 ex

321 2771 482 2841 Herodoto
510 2775 682 2861 descriptos
713 2785 745 2843 et
777 2780 858 2844 vitio
890 2777 1015 2844 affectos
1044 2800 1083 2843 ex
1116 2779 1317 2844 annotatione
1347 2776 1514 2846 Hemster-

320 2878 407 2942 hosii
440 2879 511 2946 MS.
544 2885 578 2946 in
608 2885 773 2970 integrum
803 2887 982 2950 restituam.
1009 2883 1144 2949 'Hditur
1174 2905 1247 2970 pag.
1282 2879 1358 2947 638.
1385 2891 1514 2951 narrata

320 2983 453 3051 historia
487 2987 525 3052 de
566 2987 745 3075 Polycratis
789 2989 923 3067 annale,
966 3011 1046 3075 quae
1088 2996 1120 3054 et
1152 2993 1222 3074 ipsa
1256 2988 1315 3054 soli
1350 2987 1513 3058 Herodoto

321 3089 469 3176 debetur,
503 3093 666 3170 πυθόμενον
692 3096 722 3160 δὲ
746 3103 835 3162 τοῦτο
859 3097 911 3162 τὸν
934 3096 1114 3174 Αἰγυπτίων
1138 3094 1286 3174 ducents
1312 3102 1408 3159 ΦΛΕΙ
1433 3121 1513 3174 μαν-

319 3202 410 3267 τικῶς
444 3222 508 3272 πως
543 3200 804 3282 ἀποφθέγξασθαι
838 3205 877 3274 ὥς
910 3203 939 3266 έν
975 3203 1098 3284 βραχεῖ
1128 3203 1319 3280 κατατρίψει
1357 3201 1409 3265 τὸν
1443 3203 1512 3280 βίον

320 3301 362 3370 εἰς
387 3302 440 3368 οὒκ
464 3305 592 3384 εὐτυχές
616 3306 704 3380 τέλος
729 3309 742 3372 θ
766 3313 908 3374 τοσοῦτον
937 3307 1095 3388 ε’ξηρμέυος
1118 3315 1189 3380 ταῖς
1215 3307 1413 3384 εὐπραγίαις.

364 3405 400 3470 In
442 3413 587 3497 margine
630 3415 680 3478 sui
724 3414 863 3500 exempli
908 3415 1074 3499 adscripsit
1118 3413 1400 3479 Hemsterhusius:
1450 3415 1509 3490 „L

315 3513 469 3590 Ἄμασιν.
510 3517 591 3595 φασί
627 3519 788 3583 orationem
822 3519 952 3585 onerat.”
998 3519 1072 3586 Sine
1105 3521 1316 3587 controuersia
1350 3527 1422 3605 post
1457 3521 1510 3586 τὸν

322 3619 499 3694 Αἰγυπτίαν
530 3621 669 3698 βασιλέα
697 3645 811 3690 noman
835 3629 921 3713 regis
946 3626 1141 3691 desideratur
1163 3638 1194 3691 et
1217 3633 1301 3691 certa
1325 3630 1509 3715 estmagni

320 3724 378 3788 viri
401 3726 591 3792 emendatio.
635 3727 817 3796 Herodotea
839 3731 917 3797 haec
936 3735 1044 3798 omnia
1062 3739 1137 3798 sunt
1158 3753 1196 3798 ex
1215 3731 1272 3797 Ill.
1293 3731 1346 3798 43.
1369 3732 1508 3810 θ”λμα-

317 3853 363 3902 σις
389 3869 429 3879 -
455 3830 550 3910 έριαθε
573 3831 618 3900 ὅτι
643 3836 695 3899 οὐκ
718 3830 752 3900 εὗ
776 3839 972 3912 τελευτήσειν
995 3837 1104 3916 μέλλοι
1130 3839 1330 3918 Πολυκράτης
1352 3839 1508 3920 εὐτυχέων

316 3960 359 4002 τα
382 3961 499 4006 ταντα.

362 4042 441 4108 Post
469 4065 571 4130 pauca
601 4047 684 4132 apud
715 4046 903 4116 Strabonem
933 4051 1071 4138 legitur:
1107 4052 1158 4116 καί
1196 4051 1230 4125 δη
1261 4051 1313 4115 καί
1346 4051 1505 4128 συμβῆναι

318 4153 427 4214 τοῦτο.
461 4152 621 4232 ληφθέντα
649 4153 711 4233 χάρ
736 4153 769 4230 ἐξ
792 4156 919 4229 ἀπάτης
946 4157 1017 4221 ἀπο
1044 4166 1133 4222 ΤΟΥ
1159 4157 1320 4235 σατράπου
1344 4159 1403 4222 τῶν
1427 4165 1505 4237 Περ-

318 4279 377 4320 συν
401 4260 618 4334 κρεμασθῆναι.
649 4259 811 4326 Adscribit
833 4261 1114 4330 Hemsterhusius:
1141 4263 1215 4341 ,ἀπ’
1235 4263 1369 4342 Ὀροίτου
1389 4263 1507 4342 σατρά-

318 4383 375 4424 που
406 4368 464 4425 τῶν
499 4371 630 4444 Περσῶν.
661 4367 706 4430 aaa
735 4370 928 4452 supplendam
958 4369 1107 4434 vidtur?
1151 4368 1240 4434 Haec
1272 4389 1396 4454 quoque
1419 4377 1505 4436 certa

318 4469 469 4532 correctio
499 4475 547 4536 est
575 4473 738 4538 manifesti
760 4475 886 4552 mendi;
912 4497 987 4540 nam
1011 4475 1088 4560 quid
1111 4475 1173 4542 sibi
1197 4473 1268 4541 vult
1291 4473 1447 4541 articulus
1469 4478 1504 4542 in
