3342 5080
712 341 776 410 549

150 541 223 596 vero
253 527 380 608 άξιοίΗ,
414 535 453 597 01
484 535 591 599 estin
614 532 776 600 nonnullis
799 533 900 602 libris.
948 532 1049 613 Ἀξιοῖ
1069 538 1125 600 ant
1147 532 1340 604 indicativus

150 639 197 700 est
220 641 277 702 ant
300 639 522 707 coniunctivae
545 645 577 704 et
601 641 744 727 optativo
768 661 846 728 opus
869 647 928 709 est.

192 876 273 966 Pag.
307 875 383 946 712.
419 877 450 946 6.
482 883 588 944 ταῦτα
621 877 728 946 πάντα
752 880 949 962 Τιμοκράτης
968 919 1009 932 -
1029 879 1194 965 ἠφάνισεν,
1219 880 1337 960 ἐξήλει-

150 989 222 1064 ψεν,
255 981 322 1050 ίσον
355 983 389 1061 ἦν
420 984 471 1051 ἐπὶ
500 984 608 1066 τούτῳ.
655 985 728 1052 Nou
751 985 875 1054 duobus
896 987 1002 1055 verbis
1025 1009 1105 1074 opus
1128 993 1175 1054 est
1197 989 1253 1056 sed
1275 1010 1339 1057 uno

151 1093 286 1156 uncum.
322 1089 473 1179 Suspicor
495 1089 656 1172 ἐξήλειψεν
679 1091 758 1158 olim
783 1093 824 1160 ad
846 1093 996 1178 ἠφάνισεν
1014 1093 1210 1180 adscriptum
1231 1095 1339 1164 lirisse.

150 1193 258 1263 Etiam
282 1197 458 1285 asyndeton
480 1197 626 1264 fraudem
650 1200 761 1285 aperit.

192 1436 274 1526 Peg.
309 1435 385 1506 713.
419 1438 472 1504 11.
497 1437 525 1504 εί
545 1463 603 1505 τινι
625 1445 684 1506 τῶν
707 1439 892 1521 ὀφειλόντων
914 1439 1028 1518 δεσμοῦ
1052 1442 1295 1524 προστετίμηται
1321 1441 1338 1517 ἢ

148 1543 182 1608 τὸ
207 1545 313 1611 λοιπὸν
336 1551 537 1627 προστιμηθῇ.
586 1543 716 1612 8010000
738 1549 838 1613 oratio
860 1552 910 1613 001
933 1549 958 1614 sl
982 1553 1170 1631 προστιμηθῇ
1193 1568 1251 1634 pro
1274 1545 1339 1613 ἐάν.

148 1647 269 1716 lisdem
294 1656 402 1718 tamen
425 1650 579 1740 leguntur
600 1673 672 1740 pag.
701 1650 776 1720 723.
804 1652 857 1718 25.
884 1659 915 1719 et
939 1675 1010 1742 pag.
1036 1651 1112 1722 725.
1137 1654 1192 1720 29.
1212 1660 1244 1720 01
1264 1674 1340 1741 pag.
1367 1709 1371 1717 .

149 1753 225 1823 730.
253 1757 284 1822 1.
330 1757 506 1824 Emendate
529 1760 685 1844 scriptum
709 1762 757 1824 est
778 1779 853 1846 pag.
881 1757 955 1824 164.
979 1759 1033 1826 20.
1055 1763 1083 1826 εί
1101 1785 1159 1826 τινι
1179 1759 1340 1841 προστετί-

147 1886 244 1940 μηται
270 1863 383 1939 δεσμοῦ
413 1863 486 1929 κάν
512 1864 547 1929 τὸ
570 1864 676 1929 λοιπθν
699 1888 757 1930 τινι
780 1867 1020 1946 προττιμιίσητε.
1068 1865 1121 1932 Sic
1143 1869 1242 1933 etiam
1265 1886 1336 1931 oae-

148 1970 222 2034 teris
264 1967 343 2034 locis
382 1967 605 2036 soloecismum
645 1971 805 2057 expuleris
839 1972 1003 2084 contendo
1039 1981 1125 2040 KAN
1161 1972 1197 2038 τὸ
1232 1971 1337 2037 λοιπὸν

148 2075 350 2155 προστιμηθῇ.

190 2295 273 2387 Peg.
298 2295 374 2366 715.
398 2297 452 2364 21.
476 2300 507 2365 ἕν
530 2298 705 2382 παραβύςιρ
728 2308 783 2376 τῆς
806 2298 922 2378 βουλῆς
945 2299 1003 2378 μὲν
1025 2299 1196 2380 άΦειμίνης
1220 2307 1279 2366 τῶν
1308 2301 1332 2365 δ’

147 2405 252 2470 ἄλλων
282 2405 334 2470 διά
361 2409 416 2481 τὶρν
445 2406 545 2486 ἓορτὶην
570 2405 742 2487 ἱερομηνίαν
763 2406 903 2485 άγθντων
928 2404 1053 2492 [Λάθρρι]
1085 2405 1173 2482 νίμον
1201 2408 1338 2486 εἰσήνεγ-

146 2534 208 2576 ιιεν.
255 2509 445 2577 Rectissime
475 2511 558 2578 vidit
584 2511 755 2578 'Dobraeus
787 2513 886 2597 λάθρα
922 2533 961 2578 ex
993 2513 1139 2598 margine
1174 2513 1336 2597 irrepsisse

146 2617 342 2701 adscriptum
365 2615 444 2682 olim
468 2616 507 2683 ed
531 2617 562 2680 ε’ν
586 2616 760 2698 παραβύςρ
783 2625 816 2682 et
838 2619 969 2703 apponit
991 2617 1207 2704 Hesychium:

330 2719 391 2787 Ἐν
421 2721 666 2804 παραβύπιρῑ
690 2757 731 2772 -·
755 2723 943 2803 λεληθότως,
966 2724 1075 2808 λάθρα.

146 2827 201 2894 sed
224 2829 345 2913 optime
367 2831 510 2895 monenti
531 2849 626 2895 nemo
648 2831 767 2915 paruit.

188 3051 269 3141 Peg.
303 3051 379 3119 515.
412 3052 466 3118 25.
497 3055 596 3120 καίτοι
627 3063 708 3137 χρῆν
739 3078 833 3118 σε-
850 3055 892 3136 τῷ
924 3053 1009 3136 διίμιρ
1040 3056 1243 3138 διαλεχθῆναι
1266 3058 1335 3122 καθ’

144 3157 237 3233 οὕτως
256 3197 300 3208 -
315 3159 459 3240 γράφειν.
508 3159 545 3224 10
579 3159 602 3226 S
637 3159 705 3226 καθ’
740 3158 834 3232 οὕτως
869 3181 888 3225 0
922 3166 1095 3226 correctore
1125 3164 1159 3226 in
1188 3161 1241 3226 καί
1272 3161 1334 3228 πάθ’

143 3261 237 3340 οὕτως
272 3270 456 3344 mutatum,
492 3265 576 3352 quod
610 3265 754 3334 Dindorf.
788 3269 918 3353 recapit.
977 3265 1166 3354 Legendum
1200 3268 1336 3334 arbitror

143 3371 228 3456 quod
251 3371 367 3438 assolet
389 3368 458 3456 πάθ’
481 3367 584 3446 οὕτως.

186 3597 267 3687 Peg.
305 3596 382 3667 717.
418 3596 449 3664 6.
485 3600 510 3664 εἰ
545 3598 644 3665 τοίνυν
673 3621 720 3672 τις
752 3595 834 3678 ἔροιθ’
867 3597 950 3676 ὑμᾶς
982 3597 1116 3678 ποτέροις
1147 3601 1272 3674 μᾶλλον
1294 3595 1334 3663 άν

143 3703 266 3777 είιιάτως
297 3705 449 3781 ποιήσαιθ’
480 3705 577 3771 1τιοῦν
605 3711 669 3778 τοῖς
700 3703 849 3783 δεομένοις
881 3703 898 3778 ἢ
929 3710 993 3774 τοῖς
1018 3701 1249 3788 ἐπιτάττουσιν,
1273 3699 1333 3770 οἷδ’

141 3807 187 3876 ὅτι
212 3811 344 3893 Φιίσαιτ)
368 3809 407 3877 άν
428 3819 492 3883 τοῖς
515 3809 681 3887 δεομένοις·
707 3809 742 3876 τὸ
762 3810 819 3887 μὲν
837 3809 902 3888 γάρ
920 3815 1059 3893 χρηςῶν,
1079 3807 1114 3874 τὸ
1135 3807 1160 3872 δ’
1181 3807 1333 3891 άνάνδροιν

142 3915 303 3998 ἀνθρώπων
335 3913 422 3997 ἔργον
456 3917 529 3986 ε’ςίν.
577 3914 661 3996 Quid
696 3911 812 3980 audio?
846 3913 881 3980 τὸ
917 3914 1098 3981 ἐπιτάττειν
1128 3912 1332 3996 άνάνδριον

141 4021 301 4102 ἀνθρώπων
332 4018 419 4101 ἔργον
448 4022 520 4090 tcta.
568 4019 751 4087 Absurdum
785 4021 845 4085 hoc
880 4021 1010 4106 quidem
1045 4024 1094 4085 est
1124 4024 1157 4086 et
1186 4041 1332 4109 pugnans

142 4148 218 4194 cnm
247 4128 295 4192 rei
317 4132 432 4193 natura
455 4131 487 4193 et
509 4130 595 4194 vitoe
617 4146 688 4192 usu.
735 4124 856 4192 Verum
880 4147 946 4192 esse
969 4125 1098 4194 videtur
1119 4126 1333 4210 impudentiam

141 4232 283 4300 άναιδιῗιν.

188 4337 276 4406 Olim
301 4338 422 4408 Peulus
441 4339 609 4406 Manutius
628 4339 817 4406 admonente
835 4337 966 4405 Roislrio
985 4342 1124 4403 senserat
1142 4342 1332 4408 sententiam

142 4443 205 4514 loci
228 4446 358 4513 άνοιιδῶν
380 4444 550 4530 postulare.
597 4444 714 4529 Ecquis
737 4441 930 4512 (triticorum
953 4464 1067 4511 verum
1090 4443 1124 4509 11
1148 4465 1215 4511 esse
1236 4467 1332 4538 agno
