3296 5104
703 377 745 446 21

123 570 251 654 σφόδρα
276 571 306 634 ἕν
329 573 370 652 τῷ
389 579 445 646 τῆς
465 569 624 641 πολιτείοις
646 569 692 656 (id
714 575 762 635 est
781 579 836 644 τῆς
857 569 1078 658 δημοκρατίας)
1097 570 1159 646 lidae
1179 571 1320 649 μένοντες

123 675 188 746 diss
221 680 276 749 τὴν
311 677 477 756 'arrestata
512 683 564 741 κοοί
600 678 655 752 τὴν
689 675 864 741 Μιλτιάδου
895 675 947 742 aa)
980 683 1039 742 τῶν
1069 675 1142 743 τότε
1171 687 1321 760 λοομτριῦν

123 785 247 860 οίιιίοιν,
283 781 311 846 εί
341 805 388 854 τις
422 781 484 863 spa
517 778 594 848 oldas
630 783 711 860 ὑμῶν
747 784 836 848 ίιτοίοι
872 783 943 847 τοτ’
979 784 1062 858 dciv,
1094 784 1148 867 ίοςῖ
1179 793 1234 860 τῆς
1267 791 1320 853 τοῦ

123 889 265 966 γείτονος
289 889 371 954 οὐδὲν
395 889 579 967 οεμνοτέοοιν
597 883 701 953 οὗοοον.
736 888 838 954 Multi
859 888 1013 977 leguntur
1032 890 1116 976 apud
1135 890 1322 958 Demosthe-

124 1016 204 1061 nem
230 994 294 1061 loci
317 995 366 1060 bis
390 1001 500 1081 terque
523 995 640 1060 iisdem
662 1015 760 1082 paene
782 996 889 1063 verbis
910 997 1057 1081 repetiti,
1083 1018 1218 1081 quorum
1242 997 1321 1064 alios

125 1100 358 1166 Demosthenes
388 1103 455 1186 ipse
485 1103 632 1180 repetiit,
664 1099 743 1166 ulios
773 1100 970 1168 fraudulenti
998 1101 1161 1189 homines,
1186 1106 1320 1190 quispe

124 1206 212 1272 lucri
230 1204 439 1272 Demostheni
459 1209 615 1272 orationes
635 1209 758 1291 spurias
777 1212 1010 1293 supposuerunt
1028 1229 1181 1296 magnam
1197 1214 1321 1296 partem

125 1314 360 1378 consarcinatus
391 1333 430 1378 ex
460 1313 690 1400 insignioribus
722 1312 914 1398 quibusdam
944 1313 1081 1395 ῥείοεειν,
1108 1335 1188 1401 quea
1210 1317 1244 1379 in
1267 1335 1321 1404 ge

126 1421 238 1483 nuinis
268 1419 464 1484 orationibus
491 1418 692 1508 legebantur.
746 1417 805 1484 Det
834 1439 946 1504 operae
976 1422 1117 1504 pretium
1146 1422 1205 1487 hos
1234 1421 1320 1488 locos

126 1545 316 1610 componere
346 1532 378 1590 et
400 1527 484 1591 inter
509 1547 543 1590 ss
566 1544 764 1610 comparere,
790 1524 874 1590 unde
897 1529 930 1590 et
953 1524 992 1590 de
1014 1525 1215 1614 singulorum
1238 1526 1320 1593 loco·

125 1653 202 1695 rum
236 1651 313 1698 vcra
347 1633 504 1717 scriptura
534 1634 655 1716 optime
687 1631 823 1696 iudicari
855 1635 976 1715 potest,
1009 1635 1041 1698 et
1071 1633 1320 1717 discrepantium

125 1737 304 1802 lectionum
334 1739 424 1824 origo
455 1743 487 1803 et
516 1758 610 1804 cause
641 1743 674 1802 et
704 1757 889 1824 progressus
920 1740 1075 1822 conspici,
1108 1745 1140 1803 et
1162 1738 1319 1804 librorum

127 1863 207 1927 quos
233 1842 389 1908 habemus
409 1845 593 1929 superstites
612 1841 689 1909 fides
709 1845 843 1929 spectari
864 1849 921 1908 aut
939 1845 1099 1909 vitiositas
1117 1843 1318 1929 deprehendi.

125 1946 357 2015 Demosthenes
385 1950 454 2034 ipse
484 1969 565 2014 anno
596 1947 662 2013 352
692 1951 727 2012 in
758 1951 960 2013 Aristocratec
988 1969 1064 2036 pag.
1090 1947 1166 2014 689.
1195 1950 1247 2016 11.
1272 1953 1319 2018 ita

127 2053 269 2120 dixerat:
293 2056 349 2129 τίον
374 2055 597 2132 Θεμιςοιιλίους
620 2055 677 2132 μὲν
702 2055 765 2134 γάρ
788 2054 885 2119 οίκίοιν
907 2055 960 2119 sal
985 2053 1160 2121 Μιλτιάδου
1183 2057 1236 2121 οιοοί
1260 2063 1318 2122 τῶν

125 2160 198 2225 τάτε
230 2167 404 2240 λαμπρῶν,
437 2159 466 2224 εί
495 2185 541 2234 τις
573 2159 635 2242 άροο
660 2163 741 2240 ὑμῶν
763 2155 842 2226 οἶδεν
865 2160 956 2225 daria
979 2159 1050 2225 ποτ’
1075 2162 1158 2238 ἒςίυ,
1183 2165 1237 2246 δρᾷ
1261 2167 1318 2227 τῶν

126 2272 248 2331 πολλῶν
271 2266 355 2333 οὐδὲν
379 2265 565 2348 σεμνοτέραν
589 2264 692 2332 οὖοοου.

170 2371 316 2437 Dandem
355 2375 546 2438 sententiam
583 2375 718 2457 arripuit
751 2375 922 2457 impostor,
956 2375 1011 2458 qui
1042 2376 1217 2439 orationem
1251 2372 1317 2454 περὶ

126 2477 302 2555 συντάξεως
334 2499 353 2543 a
383 2499 416 2544 se
447 2500 485 2544 ex
512 2478 638 2544 laciniis
660 2478 913 2544 Demosthenicis
936 2477 1190 2566 conglutinatam
1212 2478 1319 2546 Ptole-

125 2604 218 2650 maso
240 2580 471 2669 Philadelpho,
496 2589 552 2650 aut
574 2584 631 2650 alii
655 2587 707 2650 cui
731 2586 802 2672 regi
825 2583 1027 2666 φιλοβίβλῳ,
1049 2587 1193 2671 impenso
1215 2589 1318 2672 pretio

125 2709 183 2774 pro
221 2692 363 2776 genuina
396 2691 558 2768 vendidit,
593 2711 695 2776 neque
731 2695 858 2756 tantum
892 2710 1001 2779 regem
1036 2692 1151 2778 grandi
1184 2695 1318 2776 pecunia

127 2797 274 2859 emunxit
304 2794 359 2860 sed
391 2798 489 2863 etiam
520 2798 673 2862 acerrimo
698 2797 812 2881 cuique
837 2791 1029 2862 Oriticorum
1052 2804 1198 2864 veterum
1221 2793 1318 2863 Galli·

125 2901 250 2965 mechis
284 2902 433 2966 omnibus
469 2907 502 2968 et
536 2901 701 2989 Dionysiis
734 2900 919 2966 ioculariter
952 2904 1109 2967 sarcinam
1142 2904 1316 2988 imposuit,

127 3005 224 3071 donec
255 3006 384 3072 tandem
411 3005 619 3073 Valckenario
642 3007 729 3073 fraus
752 3006 911 3082 suboluit,
935 3027 1015 3091 quae
1038 3029 1122 3074 nuno
1145 3015 1194 3074 est
1216 3013 1316 3075 omni·
1414 2997 1416 3000 ⁵

127 3113 186 3176 bus
224 3112 402 3178 manifesta.
456 3101 556 3200 Saepe
588 3117 724 3179 miratus
753 3134 826 3178 sum
859 3133 899 3178 ne
929 3115 963 3176 in
994 3112 1175 3199 Philippica
1204 3121 1316 3201 quarta

126 3220 255 3304 quidem
280 3223 349 3284 tam
371 3219 575 3285 manifestam
598 3219 743 3284 fraudem
767 3218 846 3283 olim
869 3218 1054 3304 perpluisso.
1101 3219 1224 3305 Nempe
1246 3225 1314 3287 tun·

127 3329 193 3389 tem
226 3325 298 3390 vim
331 3324 428 3390 habet
460 3325 677 3410 praeiudicata
710 3331 743 3390 et
773 3327 950 3392 inveterata
981 3327 1105 3410 opinio,
1138 3332 1176 3392 ut
1206 3346 1316 3394 omnes

127 3437 279 3516 perpetuo
312 3433 454 3496 nesciant
488 3451 521 3496 se
553 3435 587 3497 in
622 3431 760 3496 tenebris
793 3430 900 3496 sedere
935 3431 1032 3497 donec
1060 3429 1167 3497 lucem
1198 3431 1315 3519 aliquis

128 3535 244 3602 afferet.
292 3536 471 3602 Audiamus
493 3558 577 3603 nunc
599 3539 806 3622 impostorem
829 3557 902 3624 pag.
930 3534 1005 3603 174.
1029 3536 1083 3604 26.
1108 3537 1168 3610 τάς
1187 3539 1214 3603 δ’
1234 3538 1313 3612 ἰδίοις

128 3644 222 3715 οίοιίοος
253 3649 313 3707 τῶν
344 3644 374 3707 ἐν
403 3642 531 3722 δυνάμει
562 3642 730 3722 γενομένων
754 3639 831 3708 οὕτω
854 3642 984 3723 μετρίοις
1007 3643 1060 3708 nal
1084 3645 1125 3725 τῷ
1150 3651 1205 3721 τῆς
1230 3659 1315 3710 τολι-

127 3748 211 3820 τείοις
235 3747 364 3826 άνιίμοοτι
390 3749 436 3836 (id
459 3755 507 3816 est
528 3759 567 3832 τῇ
592 3746 796 3832 δημοκρατί)
818 3748 998 3824 άιιολοιίάους
1023 3746 1081 3819 dise
1104 3752 1159 3826 rire
1184 3760 1315 3830 Θεμιςο-

127 3856 231 3928 κλέους
262 3854 316 3920 κοιί
348 3857 403 3930 τίον
434 3855 568 3934 Κίμωνος
601 3856 654 3921 sal
685 3857 741 3930 τίον
760 3856 925 3935 'arrectos
954 3854 1019 3946 [κοιί
1043 3855 1232 3946 Μιλτιάδου]
1259 3857 1312 3922 aa)

126 3967 182 4026 τῶν
211 3961 284 4026 τάτε
314 3967 464 4040 λοομιιοῶν
496 3963 614 4035 οίκίοου,
648 3960 676 4026 εί
698 3985 745 4034 τις
770 3959 818 4040 ἄρ’
842 3957 922 4026 older
948 3961 1029 4039 ὑμῶν
1055 3961 1090 4049 (S
1115 3965 1196 4040 ὑμῶν
1218 3959 1311 4052 older)

126 4067 213 4132 ὁποίοο
245 4071 316 4132 ποτ’
348 4067 425 4144 ἒςίν,
456 4067 509 4150 δρᾷ
541 4077 596 4144 τῆς
627 4072 681 4132 τοῦ
714 4067 847 4144 γείτονος
879 4067 962 4132 οὐδὲν
994 4068 1177 4150 σεμνοτέρου
1206 4068 1310 4137 odrae.

126 4171 279 4239 Videmus
321 4175 424 4260 igitur
463 4171 712 4240 Demosthenem
753 4195 854 4258 quum
889 4195 970 4240 anno
1005 4173 1070 4240 349
1105 4177 1140 4240 in
1174 4179 1315 4244 oratione

126 4277 319 4367 Olynthieoa
348 4277 458 4344 laudes
480 4281 639 4345 maiorum
664 4279 852 4356 celebraret,
877 4280 992 4366 quibus
1015 4286 1097 4346 esset
1118 4285 1153 4347 in
1176 4282 1314 4368 publicis

124 4383 381 4474 magnificentia,
416 4386 451 4449 in
481 4387 615 4470 privatis
646 4384 804 4450 modestia
834 4390 867 4450 et
896 4385 1028 4464 modus,
1060 4407 1122 4452 non
1152 4388 1313 4454 dubitasse

124 4491 237 4557 iisdem
269 4490 377 4556 verbis
407 4492 474 4569 uti,
507 4491 623 4575 quibus
654 4497 766 4576 quarto
794 4491 909 4556 abhinc
932 4511 1013 4558 enno
1036 4493 1169 4560 eandem
1192 4499 1313 4562 senteu-
