<?xml version="1.0" encoding="UTF-8"?>
<!DOCTYPE html PUBLIC "-//W3C//DTD XHTML 1.0 Transitional//EN"
    "http://www.w3.org/TR/xhtml1/DTD/xhtml1-transitional.dtd">
<html xmlns="http://www.w3.org/1999/xhtml" xml:lang="en" lang="en">
 <head>
  <title>
</title>
<meta http-equiv="Content-Type" content="text/html;charset=utf-8" />
  <meta name='ocr-system' content='tesseract 3.04.00' />
  <meta name='ocr-capabilities' content='ocr_page ocr_carea ocr_par ocr_line ocrx_word'/>
</head>
<body>
  <div class='ocr_page' id='page_1' title='image "./miscellaneacrit00cobegoog/miscellaneacrit00cobegoog_0480.png"; bbox 0 0 3356 5084; ppageno 0'>
   <div class='ocr_carea' id='block_1_1' title="bbox 696 333 771 437">
    <p class='ocr_par' dir='ltr' id='par_1_1' title="bbox 696 333 771 437">
     <span class='ocr_line' id='line_1_1' title="bbox 696 333 771 437; baseline 0.013 -1"><span class='ocrx_word' id='word_1_1' title='bbox 696 333 771 437; x_wconf 76' lang='grc' dir='ltr'><strong>ἰιι</strong></span> 
     </span>
    </p>
   </div>
   <div class='ocr_carea' id='block_1_2' title="bbox 139 555 1329 1266">
    <p class='ocr_par' dir='ltr' id='par_1_2' title="bbox 139 555 1329 962">
     <span class='ocr_line' id='line_1_2' title="bbox 140 555 1327 647; baseline 0.003 -24"><span class='ocrx_word' id='word_1_2' title='bbox 140 557 174 623; x_wconf 91' lang='lat' dir='ltr'><strong>in</strong></span> <span class='ocrx_word' id='word_1_3' title='bbox 196 555 220 623; x_wconf 77' lang='lat' dir='ltr'>S</span> <span class='ocrx_word' id='word_1_4' title='bbox 243 557 395 626; x_wconf 76' lang='lat' dir='ltr'><strong>lectiones</strong></span> <span class='ocrx_word' id='word_1_5' title='bbox 415 559 563 638; x_wconf 78' lang='lat' dir='ltr'><strong>vitiosae,</strong></span> <span class='ocrx_word' id='word_1_6' title='bbox 584 579 665 646; x_wconf 91' lang='lat' dir='ltr'><strong>quae</strong></span> <span class='ocrx_word' id='word_1_7' title='bbox 682 565 810 646; x_wconf 88' lang='lat' dir='ltr'><strong>propter</strong></span> <span class='ocrx_word' id='word_1_8' title='bbox 826 560 903 627; x_wconf 85' lang='lat' dir='ltr'><strong>libri</strong></span> <span class='ocrx_word' id='word_1_9' title='bbox 921 562 1142 629; x_wconf 85' lang='lat' dir='ltr'><strong>auotoritatem</strong></span> <span class='ocrx_word' id='word_1_10' title='bbox 1162 581 1327 647; x_wconf 79' lang='lat' dir='ltr'>perperam</span> 
     </span>
     <span class='ocr_line' id='line_1_3' title="bbox 140 665 1329 752; baseline 0.003 -23"><span class='ocrx_word' id='word_1_11' title='bbox 140 669 284 750; x_wconf 85' lang='lat' dir='ltr'><strong>reeeptaa</strong></span> <span class='ocrx_word' id='word_1_12' title='bbox 315 675 407 746; x_wconf 86' lang='lat' dir='ltr'><strong>sunt,</strong></span> <span class='ocrx_word' id='word_1_13' title='bbox 431 671 468 732; x_wconf 90' lang='lat' dir='ltr'><strong>ut</strong></span> <span class='ocrx_word' id='word_1_14' title='bbox 489 666 522 732; x_wconf 92' lang='lat' dir='ltr'><strong>h.</strong></span> <span class='ocrx_word' id='word_1_15' title='bbox 535 665 556 732; x_wconf 92' lang='lat' dir='ltr'><strong>l.</strong></span> <span class='ocrx_word' id='word_1_16' title='bbox 593 665 779 752; x_wconf 86' lang='lat' dir='ltr'><strong>Requiritur</strong></span> <span class='ocrx_word' id='word_1_17' title='bbox 801 667 963 748; x_wconf 70' lang='grc' dir='ltr'><strong>ἀφέντας,</strong></span> <span class='ocrx_word' id='word_1_18' title='bbox 988 667 1102 732; x_wconf 76' lang='lat' dir='ltr'><strong>omissis</strong></span> <span class='ocrx_word' id='word_1_19' title='bbox 1124 669 1257 734; x_wconf 79' lang='grc' dir='ltr'><strong>σσείστὶι·</strong></span> <span class='ocrx_word' id='word_1_20' title='bbox 1271 691 1329 732; x_wconf 84' lang='grc' dir='ltr'><strong>οτι-</strong></span> 
     </span>
     <span class='ocr_line' id='line_1_4' title="bbox 140 771 1328 861; baseline 0.005 -27"><span class='ocrx_word' id='word_1_21' title='bbox 140 771 245 850; x_wconf 74' lang='lat' dir='ltr'><strong>nibus,</strong></span> <span class='ocrx_word' id='word_1_22' title='bbox 278 776 311 838; x_wconf 88' lang='lat' dir='ltr'><strong>et</strong></span> <span class='ocrx_word' id='word_1_23' title='bbox 339 774 384 838; x_wconf 85' lang='lat' dir='ltr'><strong>sie</strong></span> <span class='ocrx_word' id='word_1_24' title='bbox 411 776 459 839; x_wconf 89' lang='lat' dir='ltr'><strong>est</strong></span> <span class='ocrx_word' id='word_1_25' title='bbox 480 775 514 837; x_wconf 91' lang='lat' dir='ltr'><strong>in</strong></span> <span class='ocrx_word' id='word_1_26' title='bbox 537 774 686 839; x_wconf 91' lang='lat' dir='ltr'><strong>omnibus</strong></span> <span class='ocrx_word' id='word_1_27' title='bbox 708 771 800 840; x_wconf 85' lang='lat' dir='ltr'><strong>libris</strong></span> <span class='ocrx_word' id='word_1_28' title='bbox 821 778 1041 860; x_wconf 77' lang='lat' dir='ltr'><strong>praeterquam</strong></span> <span class='ocrx_word' id='word_1_29' title='bbox 1064 775 1099 838; x_wconf 93' lang='lat' dir='ltr'><strong>in</strong></span> <span class='ocrx_word' id='word_1_30' title='bbox 1121 796 1185 842; x_wconf 90' lang='lat' dir='ltr'><strong>uno</strong></span> <span class='ocrx_word' id='word_1_31' title='bbox 1208 773 1248 852; x_wconf 84' lang='lat' dir='ltr'><strong>S,</strong></span> <span class='ocrx_word' id='word_1_32' title='bbox 1271 775 1328 861; x_wconf 92' lang='lat' dir='ltr'><strong>qui</strong></span> 
     </span>
     <span class='ocr_line' id='line_1_5' title="bbox 139 877 752 962; baseline 0.003 -20"><span class='ocrx_word' id='word_1_33' title='bbox 139 897 242 943; x_wconf 87' lang='lat' dir='ltr'><strong>errore</strong></span> <span class='ocrx_word' id='word_1_34' title='bbox 265 879 387 946; x_wconf 87' lang='lat' dir='ltr'><strong>soribae</strong></span> <span class='ocrx_word' id='word_1_35' title='bbox 408 877 587 962; x_wconf 79' lang='grc' dir='ltr'><strong>αφελθντας</strong></span> <span class='ocrx_word' id='word_1_36' title='bbox 612 879 752 945; x_wconf 79' lang='lat' dir='ltr'><strong>exhibet.</strong></span> 
     </span>
    </p>

    <p class='ocr_par' dir='ltr' id='par_1_3' title="bbox 141 981 1327 1266">
     <span class='ocr_line' id='line_1_6' title="bbox 185 981 1326 1073; baseline 0.006 -25"><span class='ocrx_word' id='word_1_37' title='bbox 185 981 345 1052; x_wconf 79' lang='lat' dir='ltr'><strong>Similiter</strong></span> <span class='ocrx_word' id='word_1_38' title='bbox 375 1005 449 1073; x_wconf 77' lang='lat' dir='ltr'><strong>pag.</strong></span> <span class='ocrx_word' id='word_1_39' title='bbox 479 984 534 1050; x_wconf 99' lang='grc'><strong>92.</strong></span> <span class='ocrx_word' id='word_1_40' title='bbox 558 983 613 1052; x_wconf 89' lang='grc'><strong>20.</strong></span> <span class='ocrx_word' id='word_1_41' title='bbox 634 989 719 1051; x_wconf 87' lang='lat' dir='ltr'><strong>reeta</strong></span> <span class='ocrx_word' id='word_1_42' title='bbox 742 987 777 1050; x_wconf 89' lang='lat' dir='ltr'><strong>in</strong></span> <span class='ocrx_word' id='word_1_43' title='bbox 799 986 947 1052; x_wconf 89' lang='lat' dir='ltr'><strong>omnibus</strong></span> <span class='ocrx_word' id='word_1_44' title='bbox 970 985 1120 1052; x_wconf 73' lang='lat' dir='ltr'><strong>scribitur</strong></span> <span class='ocrx_word' id='word_1_45' title='bbox 1141 986 1185 1053; x_wconf 80' lang='grc' dir='ltr'><strong>σθ</strong></span> <span class='ocrx_word' id='word_1_46' title='bbox 1209 1003 1326 1069; x_wconf 88' lang='grc' dir='ltr'><strong>παρελ-</strong></span> 
     </span>
     <span class='ocr_line' id='line_1_7' title="bbox 141 1088 1327 1172; baseline 0.007 -18"><span class='ocrx_word' id='word_1_47' title='bbox 141 1089 232 1156; x_wconf 90' lang='grc' dir='ltr'><strong>θίντα</strong></span> <span class='ocrx_word' id='word_1_48' title='bbox 257 1089 439 1172; x_wconf 73' lang='grc' dir='ltr'><strong>πράγματα</strong></span> <span class='ocrx_word' id='word_1_49' title='bbox 462 1088 578 1158; x_wconf 75' lang='grc' dir='ltr'><strong>ἅπαντ’</strong></span> <span class='ocrx_word' id='word_1_50' title='bbox 600 1091 807 1171; x_wconf 78' lang='grc' dir='ltr'><strong>απθλοιλΕΝ,</strong></span> <span class='ocrx_word' id='word_1_51' title='bbox 831 1091 938 1159; x_wconf 85' lang='lat' dir='ltr'><strong>editur</strong></span> <span class='ocrx_word' id='word_1_52' title='bbox 958 1113 1043 1158; x_wconf 90' lang='lat' dir='ltr'><strong>nuno</strong></span> <span class='ocrx_word' id='word_1_53' title='bbox 1065 1095 1179 1162; x_wconf 86' lang='lat' dir='ltr'><strong>vitiose</strong></span> <span class='ocrx_word' id='word_1_54' title='bbox 1202 1115 1242 1160; x_wconf 84' lang='lat' dir='ltr'><strong>ex</strong></span> <span class='ocrx_word' id='word_1_55' title='bbox 1263 1116 1327 1162; x_wconf 88' lang='lat' dir='ltr'><strong>uno</strong></span> 
     </span>
     <span class='ocr_line' id='line_1_8' title="bbox 141 1195 443 1266; baseline 0.007 -3"><span class='ocrx_word' id='word_1_56' title='bbox 141 1195 165 1263; x_wconf 81' lang='grc'><strong>9</strong></span> <span class='ocrx_word' id='word_1_57' title='bbox 186 1198 443 1266; x_wconf 75' lang='grc' dir='ltr'><strong>ατσλώλεκθΝ.</strong></span> 
     </span>
    </p>
   </div>
   <div class='ocr_carea' id='block_1_3' title="bbox 141 1409 1332 2351">
    <p class='ocr_par' dir='ltr' id='par_1_4' title="bbox 141 1409 1332 2231">
     <span class='ocr_line' id='line_1_9' title="bbox 186 1409 1329 1500; baseline 0.001 -24"><span class='ocrx_word' id='word_1_58' title='bbox 186 1411 269 1500; x_wconf 81' lang='lat' dir='ltr'><strong>Peg.</strong></span> <span class='ocrx_word' id='word_1_59' title='bbox 294 1409 348 1476; x_wconf 82' lang='lat'><strong>93.</strong></span> <span class='ocrx_word' id='word_1_60' title='bbox 375 1409 427 1477; x_wconf 84' lang='lat'><strong>14.</strong></span> <span class='ocrx_word' id='word_1_61' title='bbox 451 1410 553 1478; x_wconf 83' lang='grc' dir='ltr'><strong>οίετθε·</strong></span> <span class='ocrx_word' id='word_1_62' title='bbox 571 1410 641 1486; x_wconf 83' lang='grc' dir='ltr'><strong>τοὺς</strong></span> <span class='ocrx_word' id='word_1_63' title='bbox 666 1409 847 1493; x_wconf 72' lang='grc' dir='ltr'><strong><em>Βυζαντίους</em></strong></span> <span class='ocrx_word' id='word_1_64' title='bbox 870 1419 973 1490; x_wconf 77' lang='grc' dir='ltr'><strong>μενεῖν</strong></span> <span class='ocrx_word' id='word_1_65' title='bbox 996 1410 1047 1477; x_wconf 78' lang='grc' dir='ltr'><strong>ἐπὶ</strong></span> <span class='ocrx_word' id='word_1_66' title='bbox 1070 1421 1127 1489; x_wconf 75' lang='grc' dir='ltr'><strong>τῆς</strong></span> <span class='ocrx_word' id='word_1_67' title='bbox 1148 1413 1252 1487; x_wconf 85' lang='grc' dir='ltr'><strong>ύνοίας</strong></span> <span class='ocrx_word' id='word_1_68' title='bbox 1273 1421 1329 1490; x_wconf 74' lang='grc' dir='ltr'><strong>τῆς</strong></span> 
     </span>
     <span class='ocr_line' id='line_1_10' title="bbox 142 1515 1329 1598; baseline 0.003 -16"><span class='ocrx_word' id='word_1_69' title='bbox 142 1517 241 1591; x_wconf 74' lang='grc' dir='ltr'><strong>αὐτῆς</strong></span> <span class='ocrx_word' id='word_1_70' title='bbox 275 1515 374 1598; x_wconf 85' lang='grc' dir='ltr'><strong>ύσπερ</strong></span> <span class='ocrx_word' id='word_1_71' title='bbox 411 1521 460 1582; x_wconf 93' lang='grc' dir='ltr'><strong>νῦν</strong></span> <span class='ocrx_word' id='word_1_72' title='bbox 490 1518 542 1582; x_wconf 83' lang='grc' dir='ltr'><strong>καί</strong></span> <span class='ocrx_word' id='word_1_73' title='bbox 574 1517 644 1582; x_wconf 87' lang='grc' dir='ltr'><strong>ούτε</strong></span> <span class='ocrx_word' id='word_1_74' title='bbox 675 1525 954 1597; x_wconf 74' lang='grc' dir='ltr'><strong>παρακαλΘΟΕΙΝ</strong></span> <span class='ocrx_word' id='word_1_75' title='bbox 987 1517 1069 1594; x_wconf 83' lang='grc' dir='ltr'><strong>ύμοῦς</strong></span> <span class='ocrx_word' id='word_1_76' title='bbox 1105 1517 1175 1584; x_wconf 88' lang='grc' dir='ltr'><strong>ούτε</strong></span> <span class='ocrx_word' id='word_1_77' title='bbox 1209 1519 1329 1598; x_wconf 79' lang='grc' dir='ltr'><strong>βοηθεῖν</strong></span> 
     </span>
     <span class='ocr_line' id='line_1_11' title="bbox 142 1622 1332 1705; baseline 0.002 -17"><span class='ocrx_word' id='word_1_78' title='bbox 142 1625 250 1698; x_wconf 73' lang='grc' dir='ltr'><strong>αὐτοῖς</strong></span> <span class='ocrx_word' id='word_1_79' title='bbox 283 1625 430 1705; x_wconf 74' lang='grc' dir='ltr'><strong>ἀξιώσειν.</strong></span> <span class='ocrx_word' id='word_1_80' title='bbox 477 1623 561 1693; x_wconf 84' lang='lat' dir='ltr'><strong>Vivo</strong></span> <span class='ocrx_word' id='word_1_81' title='bbox 583 1624 795 1691; x_wconf 81' lang='lat' dir='ltr'><strong>Demosthene</strong></span> <span class='ocrx_word' id='word_1_82' title='bbox 817 1622 1048 1704; x_wconf 67' lang='grc' dir='ltr'><strong>παρακαλέσειν</strong></span> <span class='ocrx_word' id='word_1_83' title='bbox 1071 1631 1118 1690; x_wconf 89' lang='lat' dir='ltr'><strong>est</strong></span> <span class='ocrx_word' id='word_1_84' title='bbox 1139 1626 1243 1692; x_wconf 85' lang='lat' dir='ltr'><strong>forma</strong></span> <span class='ocrx_word' id='word_1_85' title='bbox 1266 1627 1332 1691; x_wconf 84' lang='lat' dir='ltr'><strong>bor-</strong></span> 
     </span>
     <span class='ocr_line' id='line_1_12' title="bbox 143 1730 1328 1819; baseline 0.002 -24"><span class='ocrx_word' id='word_1_86' title='bbox 143 1732 232 1796; x_wconf 80' lang='lat' dir='ltr'><strong>bore:</strong></span> <span class='ocrx_word' id='word_1_87' title='bbox 263 1737 368 1816; x_wconf 86' lang='grc' dir='ltr'><strong>καλῦ,</strong></span> <span class='ocrx_word' id='word_1_88' title='bbox 401 1731 545 1815; x_wconf 76' lang='grc' dir='ltr'><strong>ἐγκαλῶ,</strong></span> <span class='ocrx_word' id='word_1_89' title='bbox 577 1738 751 1812; x_wconf 81' lang='grc' dir='ltr'><strong>παρακαλῶ</strong></span> <span class='ocrx_word' id='word_1_90' title='bbox 773 1731 886 1816; x_wconf 81' lang='lat' dir='ltr'><strong>futuri</strong></span> <span class='ocrx_word' id='word_1_91' title='bbox 915 1730 1035 1807; x_wconf 78' lang='lat' dir='ltr'><strong>formae</strong></span> <span class='ocrx_word' id='word_1_92' title='bbox 1066 1737 1141 1796; x_wconf 88' lang='lat' dir='ltr'><strong>sunt</strong></span> <span class='ocrx_word' id='word_1_93' title='bbox 1170 1737 1208 1796; x_wconf 87' lang='lat' dir='ltr'><strong>ut</strong></span> <span class='ocrx_word' id='word_1_94' title='bbox 1230 1739 1328 1819; x_wconf 83' lang='grc' dir='ltr'><strong>τελῦ,</strong></span> 
     </span>
     <span class='ocr_line' id='line_1_13' title="bbox 142 1833 1329 1922; baseline 0.002 -20"><span class='ocrx_word' id='word_1_95' title='bbox 142 1835 292 1910; x_wconf 81' lang='grc' dir='ltr'><strong>διατελῶ,</strong></span> <span class='ocrx_word' id='word_1_96' title='bbox 327 1843 434 1916; x_wconf 74' lang='grc' dir='ltr'><strong>γαμῶ.</strong></span> <span class='ocrx_word' id='word_1_97' title='bbox 481 1835 601 1903; x_wconf 77' lang='lat' dir='ltr'><strong>Eadem</strong></span> <span class='ocrx_word' id='word_1_98' title='bbox 632 1841 680 1903; x_wconf 87' lang='lat' dir='ltr'><strong>est</strong></span> <span class='ocrx_word' id='word_1_99' title='bbox 710 1833 835 1903; x_wconf 86' lang='lat' dir='ltr'><strong>Oodiois</strong></span> <span class='ocrx_word' id='word_1_100' title='bbox 865 1836 990 1902; x_wconf 75' lang='lat' dir='ltr'><strong>Statio</strong></span> <span class='ocrx_word' id='word_1_101' title='bbox 1018 1839 1112 1922; x_wconf 87' lang='lat' dir='ltr'><strong>atque</strong></span> <span class='ocrx_word' id='word_1_102' title='bbox 1133 1836 1329 1922; x_wconf 86' lang='lat' dir='ltr'><strong>reliquorum</strong></span> 
     </span>
     <span class='ocr_line' id='line_1_14' title="bbox 141 1941 1331 2031; baseline 0.002 -22"><span class='ocrx_word' id='word_1_103' title='bbox 141 1945 299 2009; x_wconf 89' lang='lat' dir='ltr'><strong>omnium.</strong></span> <span class='ocrx_word' id='word_1_104' title='bbox 348 1941 411 2009; x_wconf 90' lang='lat' dir='ltr'><strong>Ubi</strong></span> <span class='ocrx_word' id='word_1_105' title='bbox 440 1964 503 2010; x_wconf 90' lang='lat' dir='ltr'><strong>non</strong></span> <span class='ocrx_word' id='word_1_106' title='bbox 533 1946 644 2009; x_wconf 87' lang='lat' dir='ltr'><strong>statim</strong></span> <span class='ocrx_word' id='word_1_107' title='bbox 676 1947 805 2029; x_wconf 89' lang='lat' dir='ltr'><strong>apparet</strong></span> <span class='ocrx_word' id='word_1_108' title='bbox 825 1943 974 2031; x_wconf 71' lang='lat' dir='ltr'><strong>futurem</strong></span> <span class='ocrx_word' id='word_1_109' title='bbox 997 1963 1080 2018; x_wconf 87' lang='lat' dir='ltr'><strong>esse,</strong></span> <span class='ocrx_word' id='word_1_110' title='bbox 1107 1941 1227 2010; x_wconf 85' lang='lat' dir='ltr'><strong>formae</strong></span> <span class='ocrx_word' id='word_1_111' title='bbox 1249 1948 1331 2011; x_wconf 90' lang='lat' dir='ltr'><strong>anti·</strong></span> 
     </span>
     <span class='ocr_line' id='line_1_15' title="bbox 142 2047 1330 2135; baseline 0.003 -21"><span class='ocrx_word' id='word_1_112' title='bbox 142 2069 222 2135; x_wconf 88' lang='lat' dir='ltr'><strong>quaa</strong></span> <span class='ocrx_word' id='word_1_113' title='bbox 253 2047 362 2116; x_wconf 85' lang='lat' dir='ltr'><strong>salvae</strong></span> <span class='ocrx_word' id='word_1_114' title='bbox 384 2055 474 2128; x_wconf 88' lang='lat' dir='ltr'><strong>sunt,</strong></span> <span class='ocrx_word' id='word_1_115' title='bbox 500 2050 558 2116; x_wconf 92' lang='lat' dir='ltr'><strong>ubi</strong></span> <span class='ocrx_word' id='word_1_116' title='bbox 580 2055 688 2116; x_wconf 90' lang='lat' dir='ltr'><strong>autem</strong></span> <span class='ocrx_word' id='word_1_117' title='bbox 711 2048 802 2115; x_wconf 89' lang='lat' dir='ltr'><strong>nulla</strong></span> <span class='ocrx_word' id='word_1_118' title='bbox 824 2053 872 2114; x_wconf 91' lang='lat' dir='ltr'><strong>est</strong></span> <span class='ocrx_word' id='word_1_119' title='bbox 895 2049 1054 2115; x_wconf 82' lang='lat' dir='ltr'><strong>dubitatio</strong></span> <span class='ocrx_word' id='word_1_120' title='bbox 1078 2051 1156 2135; x_wconf 90' lang='lat' dir='ltr'><strong>quin</strong></span> <span class='ocrx_word' id='word_1_121' title='bbox 1177 2050 1221 2115; x_wconf 89' lang='lat' dir='ltr'><strong>sit</strong></span> <span class='ocrx_word' id='word_1_122' title='bbox 1243 2051 1330 2118; x_wconf 80' lang='lat' dir='ltr'><strong>iutu-</strong></span> 
     </span>
     <span class='ocr_line' id='line_1_16' title="bbox 142 2153 919 2231; baseline -0.001 -9"><span class='ocrx_word' id='word_1_123' title='bbox 142 2177 215 2222; x_wconf 89' lang='lat' dir='ltr'><strong>rum</strong></span> <span class='ocrx_word' id='word_1_124' title='bbox 239 2153 391 2224; x_wconf 79' lang='lat' dir='ltr'><strong>Graeculi</strong></span> <span class='ocrx_word' id='word_1_125' title='bbox 413 2176 505 2223; x_wconf 85' lang='lat' dir='ltr'><strong>suam</strong></span> <span class='ocrx_word' id='word_1_126' title='bbox 528 2155 686 2231; x_wconf 74' lang='grc' dir='ltr'><strong>συνήθειαν</strong></span> <span class='ocrx_word' id='word_1_127' title='bbox 708 2154 919 2222; x_wconf 86' lang='lat' dir='ltr'><strong>substituunt.</strong></span> 
     </span>
    </p>

    <p class='ocr_par' dir='ltr' id='par_1_5' title="bbox 186 2261 666 2351">
     <span class='ocr_line' id='line_1_17' title="bbox 186 2261 666 2351; baseline -0.004 -21"><span class='ocrx_word' id='word_1_128' title='bbox 186 2261 315 2330; x_wconf 77' lang='lat' dir='ltr'><strong>Revoca</strong></span> <span class='ocrx_word' id='word_1_129' title='bbox 336 2263 439 2351; x_wconf 81' lang='lat' dir='ltr'><strong>igitur</strong></span> <span class='ocrx_word' id='word_1_130' title='bbox 461 2269 666 2342; x_wconf 72' lang='grc' dir='ltr'><strong>παρακαλεῖν.</strong></span> 
     </span>
    </p>
   </div>
   <div class='ocr_carea' id='block_1_4' title="bbox 143 2467 1333 3939">
    <p class='ocr_par' dir='ltr' id='par_1_6' title="bbox 143 2467 1333 3405">
     <span class='ocr_line' id='line_1_18' title="bbox 187 2467 1332 2560; baseline 0.003 -23"><span class='ocrx_word' id='word_1_131' title='bbox 187 2471 268 2560; x_wconf 79' lang='lat' dir='ltr'><strong>Pag.</strong></span> <span class='ocrx_word' id='word_1_132' title='bbox 302 2469 356 2538; x_wconf 86' lang='grc'><strong>93.</strong></span> <span class='ocrx_word' id='word_1_133' title='bbox 387 2470 442 2539; x_wconf 87' lang='grc'><strong>23.</strong></span> <span class='ocrx_word' id='word_1_134' title='bbox 477 2474 510 2548; x_wconf 75' lang='grc' dir='ltr'><strong>νῦ</strong></span> <span class='ocrx_word' id='word_1_135' title='bbox 541 2471 605 2539; x_wconf 88' lang='grc' dir='ltr'><strong>Δία</strong></span> <span class='ocrx_word' id='word_1_136' title='bbox 634 2473 886 2550; x_wconf 78' lang='grc' dir='ltr'><strong>κακοδαιμονοῦσι</strong></span> <span class='ocrx_word' id='word_1_137' title='bbox 909 2471 972 2553; x_wconf 75' lang='grc' dir='ltr'><strong>γαρ</strong></span> <span class='ocrx_word' id='word_1_138' title='bbox 997 2467 1143 2555; x_wconf 74' lang='grc' dir='ltr'><strong>ν’ίνθριιποι</strong></span> <span class='ocrx_word' id='word_1_139' title='bbox 1168 2473 1220 2540; x_wconf 78' lang='grc' dir='ltr'><strong>καὶ</strong></span> <span class='ocrx_word' id='word_1_140' title='bbox 1245 2475 1332 2556; x_wconf 90' lang='grc' dir='ltr'><strong>ύπερ-</strong></span> 
     </span>
     <span class='ocr_line' id='line_1_19' title="bbox 143 2577 1330 2663; baseline 0.004 -22"><span class='ocrx_word' id='word_1_141' title='bbox 143 2577 319 2656; x_wconf 75' lang='grc' dir='ltr'><strong>βάλλουσιν</strong></span> <span class='ocrx_word' id='word_1_142' title='bbox 338 2577 435 2662; x_wconf 73' lang='grc' dir='ltr'><strong>ἀνοία.</strong></span> <span class='ocrx_word' id='word_1_143' title='bbox 471 2579 701 2646; x_wconf 80' lang='lat' dir='ltr'><strong>Demosthenes</strong></span> <span class='ocrx_word' id='word_1_144' title='bbox 721 2577 849 2645; x_wconf 85' lang='lat' dir='ltr'><strong>dederat</strong></span> <span class='ocrx_word' id='word_1_145' title='bbox 867 2579 1123 2657; x_wconf 83' lang='grc' dir='ltr'><strong>κακοδαιμονΩσι</strong></span> <span class='ocrx_word' id='word_1_146' title='bbox 1143 2580 1206 2662; x_wconf 76' lang='grc' dir='ltr'><strong>γαρ</strong></span> <span class='ocrx_word' id='word_1_147' title='bbox 1223 2578 1330 2663; x_wconf 71' lang='lat' dir='ltr'><strong>sospe-</strong></span> 
     </span>
     <span class='ocr_line' id='line_1_20' title="bbox 144 2682 1331 2764; baseline 0.004 -15"><span class='ocrx_word' id='word_1_148' title='bbox 144 2709 204 2752; x_wconf 90' lang='grc' dir='ltr'><strong>ποι.</strong></span> <span class='ocrx_word' id='word_1_149' title='bbox 253 2684 488 2764; x_wconf 80' lang='grc' dir='ltr'><strong>Κακοδαιμονῦν</strong></span> <span class='ocrx_word' id='word_1_150' title='bbox 520 2688 607 2752; x_wconf 84' lang='lat' dir='ltr'><strong>enim</strong></span> <span class='ocrx_word' id='word_1_151' title='bbox 631 2686 780 2751; x_wconf 80' lang='lat' dir='ltr'><strong>dicuntur</strong></span> <span class='ocrx_word' id='word_1_152' title='bbox 800 2682 849 2757; x_wconf 89' lang='grc' dir='ltr'><strong>οῦς</strong></span> <span class='ocrx_word' id='word_1_153' title='bbox 872 2687 966 2758; x_wconf 84' lang='grc' dir='ltr'><strong>κακδς</strong></span> <span class='ocrx_word' id='word_1_154' title='bbox 989 2685 1105 2763; x_wconf 85' lang='grc' dir='ltr'><strong>δαίμων</strong></span> <span class='ocrx_word' id='word_1_155' title='bbox 1130 2687 1268 2764; x_wconf 79' lang='grc' dir='ltr'><strong>ἐλαύνει,</strong></span> <span class='ocrx_word' id='word_1_156' title='bbox 1293 2693 1331 2754; x_wconf 86' lang='lat' dir='ltr'><strong>ut</strong></span> 
     </span>
     <span class='ocr_line' id='line_1_21' title="bbox 145 2789 1330 2880; baseline 0.004 -25"><span class='ocrx_word' id='word_1_157' title='bbox 145 2790 368 2871; x_wconf 88' lang='grc' dir='ltr'><strong>κακοδαιμονία</strong></span> <span class='ocrx_word' id='word_1_158' title='bbox 398 2796 446 2858; x_wconf 89' lang='lat' dir='ltr'><strong>est</strong></span> <span class='ocrx_word' id='word_1_159' title='bbox 480 2793 627 2857; x_wconf 80' lang='grc' dir='ltr'><strong>οσοοτθία.</strong></span> <span class='ocrx_word' id='word_1_160' title='bbox 674 2789 720 2857; x_wconf 82' lang='lat' dir='ltr'><strong>Do</strong></span> <span class='ocrx_word' id='word_1_161' title='bbox 755 2812 849 2858; x_wconf 88' lang='lat' dir='ltr'><strong>sensu</strong></span> <span class='ocrx_word' id='word_1_162' title='bbox 883 2792 1109 2876; x_wconf 78' lang='grc' dir='ltr'><strong>κακοδαιμονᾷς</strong></span> <span class='ocrx_word' id='word_1_163' title='bbox 1143 2791 1264 2880; x_wconf 77' lang='lat' dir='ltr'><strong>legitur</strong></span> <span class='ocrx_word' id='word_1_164' title='bbox 1296 2797 1330 2860; x_wconf 90' lang='lat' dir='ltr'><strong>in</strong></span> 
     </span>
     <span class='ocr_line' id='line_1_22' title="bbox 145 2895 1332 2985; baseline 0.003 -21"><span class='ocrx_word' id='word_1_165' title='bbox 145 2899 365 2985; x_wconf 82' lang='lat' dir='ltr'><strong>Aristophanis</strong></span> <span class='ocrx_word' id='word_1_166' title='bbox 383 2899 474 2963; x_wconf 77' lang='lat' dir='ltr'><strong>Pluto</strong></span> <span class='ocrx_word' id='word_1_167' title='bbox 495 2895 571 2965; x_wconf 84' lang='lat'><strong>372.</strong></span> <span class='ocrx_word' id='word_1_168' title='bbox 591 2903 624 2964; x_wconf 90' lang='lat' dir='ltr'><strong>et</strong></span> <span class='ocrx_word' id='word_1_169' title='bbox 642 2900 675 2963; x_wconf 91' lang='lat' dir='ltr'><strong>in</strong></span> <span class='ocrx_word' id='word_1_170' title='bbox 695 2897 915 2985; x_wconf 87' lang='lat' dir='ltr'><strong>Xenophontis</strong></span> <span class='ocrx_word' id='word_1_171' title='bbox 935 2899 1180 2963; x_wconf 69' lang='lat' dir='ltr'><strong>Memorabilium</strong></span> <span class='ocrx_word' id='word_1_172' title='bbox 1198 2897 1241 2966; x_wconf 93' lang='grc' dir='ltr'><strong>Π.</strong></span> <span class='ocrx_word' id='word_1_173' title='bbox 1256 2900 1286 2966; x_wconf 91' lang='grc'><strong>1.</strong></span> <span class='ocrx_word' id='word_1_174' title='bbox 1301 2900 1332 2968; x_wconf 96' lang='grc'><strong>5.</strong></span> 
     </span>
     <span class='ocr_line' id='line_1_23' title="bbox 144 3003 1331 3082; baseline 0.001 -13"><span class='ocrx_word' id='word_1_175' title='bbox 144 3009 233 3070; x_wconf 86' lang='grc' dir='ltr'><strong>τοῦτο</strong></span> <span class='ocrx_word' id='word_1_176' title='bbox 265 3005 453 3071; x_wconf 85' lang='grc' dir='ltr'><strong>παντνίπασι</strong></span> <span class='ocrx_word' id='word_1_177' title='bbox 484 3004 761 3082; x_wconf 73' lang='grc' dir='ltr'><strong>κακοδαιμονῶντός</strong></span> <span class='ocrx_word' id='word_1_178' title='bbox 794 3005 874 3082; x_wconf 71' lang='lat' dir='ltr'><strong>teas,</strong></span> <span class='ocrx_word' id='word_1_179' title='bbox 906 3009 938 3070; x_wconf 82' lang='lat' dir='ltr'><strong>el</strong></span> <span class='ocrx_word' id='word_1_180' title='bbox 960 3003 1139 3071; x_wconf 80' lang='lat' dir='ltr'><strong>Dinarchus</strong></span> <span class='ocrx_word' id='word_1_181' title='bbox 1161 3005 1247 3070; x_wconf 76' lang='grc' dir='ltr'><strong>κατα</strong></span> <span class='ocrx_word' id='word_1_182' title='bbox 1270 3015 1331 3081; x_wconf 79' lang='grc' dir='ltr'><strong>Διρ-</strong></span> 
     </span>
     <span class='ocr_line' id='line_1_24' title="bbox 144 3108 1333 3196; baseline 0.001 -20"><span class='ocrx_word' id='word_1_183' title='bbox 144 3110 305 3188; x_wconf 82' lang='grc' dir='ltr'><strong>μοοθένονς</strong></span> <span class='ocrx_word' id='word_1_184' title='bbox 336 3110 430 3196; x_wconf 67' lang='lat' dir='ltr'><strong>sel.</strong></span> <span class='ocrx_word' id='word_1_185' title='bbox 463 3111 488 3175; x_wconf 82' lang='lat' dir='ltr'><strong>sl</strong></span> <span class='ocrx_word' id='word_1_186' title='bbox 521 3112 566 3175; x_wconf 78' lang='grc' dir='ltr'><strong>ἔτι</strong></span> <span class='ocrx_word' id='word_1_187' title='bbox 599 3109 649 3176; x_wconf 81' lang='grc' dir='ltr'><strong>δεῖ</strong></span> <span class='ocrx_word' id='word_1_188' title='bbox 675 3111 730 3186; x_wconf 77' lang='lat' dir='ltr'><strong>rip</strong></span> <span class='ocrx_word' id='word_1_189' title='bbox 761 3108 849 3176; x_wconf 90' lang='grc' dir='ltr'><strong>πθλιν</strong></span> <span class='ocrx_word' id='word_1_190' title='bbox 875 3117 931 3184; x_wconf 81' lang='grc' dir='ltr'><strong>σῦς</strong></span> <span class='ocrx_word' id='word_1_191' title='bbox 956 3110 1166 3189; x_wconf 72' lang='grc' dir='ltr'><strong>Δημοσθένους</strong></span> <span class='ocrx_word' id='word_1_192' title='bbox 1188 3111 1333 3192; x_wconf 73' lang='grc' dir='ltr'><strong>πονηρίας</strong></span> 
     </span>
     <span class='ocr_line' id='line_1_25' title="bbox 144 3214 1331 3302; baseline 0.003 -20"><span class='ocrx_word' id='word_1_193' title='bbox 144 3215 328 3296; x_wconf 69' lang='grc' dir='ltr'><strong>ἀπολαύειν,</strong></span> <span class='ocrx_word' id='word_1_194' title='bbox 349 3214 398 3282; x_wconf 73' lang='grc' dir='ltr'><strong>ἵνα</strong></span> <span class='ocrx_word' id='word_1_195' title='bbox 418 3215 511 3282; x_wconf 73' lang='grc' dir='ltr'><strong>πλέον</strong></span> <span class='ocrx_word' id='word_1_196' title='bbox 535 3217 904 3296; x_wconf 80' lang='grc' dir='ltr'><strong>κακοδαιμονῶμεν</strong></span> <span class='ocrx_word' id='word_1_197' title='bbox 929 3215 1008 3302; x_wconf 72' lang='grc' dir='ltr'><strong>(οὐδὲ</strong></span> <span class='ocrx_word' id='word_1_198' title='bbox 1031 3216 1093 3299; x_wconf 73' lang='grc' dir='ltr'><strong>γὰρ</strong></span> <span class='ocrx_word' id='word_1_199' title='bbox 1115 3215 1178 3298; x_wconf 79' lang='grc' dir='ltr'><strong>ἔχιν</strong></span> <span class='ocrx_word' id='word_1_200' title='bbox 1198 3219 1231 3284; x_wconf 90' lang='grc' dir='ltr'><strong>τί</strong></span> <span class='ocrx_word' id='word_1_201' title='bbox 1249 3217 1331 3285; x_wconf 83' lang='grc' dir='ltr'><strong>οῦλλο</strong></span> 
     </span>
     <span class='ocr_line' id='line_1_26' title="bbox 144 3321 975 3405; baseline 0 -17"><span class='ocrx_word' id='word_1_202' title='bbox 144 3322 242 3405; x_wconf 72' lang='grc' dir='ltr'><strong>εἶπεν).</strong></span> <span class='ocrx_word' id='word_1_203' title='bbox 268 3328 301 3390; x_wconf 84' lang='lat' dir='ltr'><strong>et</strong></span> <span class='ocrx_word' id='word_1_204' title='bbox 323 3323 543 3402; x_wconf 70' lang='grc' dir='ltr'><strong>κακοδαιμονία</strong></span> <span class='ocrx_word' id='word_1_205' title='bbox 566 3325 704 3389; x_wconf 75' lang='lat' dir='ltr'><strong>uecordia</strong></span> <span class='ocrx_word' id='word_1_206' title='bbox 726 3325 760 3388; x_wconf 87' lang='lat' dir='ltr'><strong>in</strong></span> <span class='ocrx_word' id='word_1_207' title='bbox 783 3324 874 3389; x_wconf 82' lang='grc' dir='ltr'><strong>Ρίαίο</strong></span> <span class='ocrx_word' id='word_1_208' title='bbox 899 3321 975 3388; x_wconf 90' lang='grc'><strong>501.</strong></span> 
     </span>
    </p>

    <p class='ocr_par' dir='ltr' id='par_1_7' title="bbox 187 3425 1284 3512">
     <span class='ocr_line' id='line_1_27' title="bbox 187 3425 1284 3512; baseline 0 -16"><span class='ocrx_word' id='word_1_209' title='bbox 187 3433 235 3504; x_wconf 82' lang='grc' dir='ltr'><strong>τίς</strong></span> <span class='ocrx_word' id='word_1_210' title='bbox 261 3430 300 3496; x_wconf 81' lang='grc' dir='ltr'><strong>διν</strong></span> <span class='ocrx_word' id='word_1_211' title='bbox 322 3433 383 3512; x_wconf 85' lang='grc' dir='ltr'><strong>ούχ</strong></span> <span class='ocrx_word' id='word_1_212' title='bbox 409 3434 508 3510; x_wconf 70' lang='grc' dir='ltr'><strong>οἰκοῖτ’</strong></span> <span class='ocrx_word' id='word_1_213' title='bbox 533 3427 609 3496; x_wconf 77' lang='grc' dir='ltr'><strong>εἶναι</strong></span> <span class='ocrx_word' id='word_1_214' title='bbox 632 3431 748 3509; x_wconf 89' lang='grc' dir='ltr'><strong>μανίαν</strong></span> <span class='ocrx_word' id='word_1_215' title='bbox 772 3430 1008 3508; x_wconf 68' lang='grc' dir='ltr'><strong>κακοδαιμονίαν</strong></span> <span class='ocrx_word' id='word_1_216' title='bbox 1030 3431 1060 3496; x_wconf 86' lang='grc' dir='ltr'><strong>τ’</strong></span> <span class='ocrx_word' id='word_1_217' title='bbox 1084 3425 1128 3496; x_wconf 81' lang='grc' dir='ltr'><strong>ἔτι</strong></span> <span class='ocrx_word' id='word_1_218' title='bbox 1152 3433 1284 3510; x_wconf 72' lang='grc' dir='ltr'><strong>μᾶλλον.</strong></span> 
     </span>
    </p>

    <p class='ocr_par' dir='ltr' id='par_1_8' title="bbox 143 3533 1332 3939">
     <span class='ocr_line' id='line_1_28' title="bbox 187 3533 1332 3625; baseline 0.003 -23"><span class='ocrx_word' id='word_1_219' title='bbox 187 3537 310 3604; x_wconf 84' lang='lat' dir='ltr'><strong>liudem</strong></span> <span class='ocrx_word' id='word_1_220' title='bbox 341 3559 434 3605; x_wconf 86' lang='lat' dir='ltr'><strong>sensu</strong></span> <span class='ocrx_word' id='word_1_221' title='bbox 464 3538 694 3604; x_wconf 85' lang='lat' dir='ltr'><strong>Demosthenes</strong></span> <span class='ocrx_word' id='word_1_222' title='bbox 727 3537 809 3602; x_wconf 84' lang='lat' dir='ltr'><strong>dixit</strong></span> <span class='ocrx_word' id='word_1_223' title='bbox 838 3557 910 3625; x_wconf 81' lang='lat' dir='ltr'><strong>pag.</strong></span> <span class='ocrx_word' id='word_1_224' title='bbox 944 3534 999 3601; x_wconf 88' lang='grc'><strong>23.</strong></span> <span class='ocrx_word' id='word_1_225' title='bbox 1023 3533 1078 3602; x_wconf 91' lang='grc'><strong>26.</strong></span> <span class='ocrx_word' id='word_1_226' title='bbox 1103 3536 1203 3602; x_wconf 89' lang='grc' dir='ltr'><strong>καίτοι</strong></span> <span class='ocrx_word' id='word_1_227' title='bbox 1225 3543 1332 3605; x_wconf 87' lang='grc' dir='ltr'><strong>ταῦτα</strong></span> 
     </span>
     <span class='ocr_line' id='line_1_29' title="bbox 143 3641 1331 3726; baseline 0.003 -18"><span class='ocrx_word' id='word_1_228' title='bbox 143 3645 195 3708; x_wconf 81' lang='grc' dir='ltr'><strong>καί</strong></span> <span class='ocrx_word' id='word_1_229' title='bbox 229 3645 254 3709; x_wconf 85' lang='grc' dir='ltr'><strong>εί</strong></span> <span class='ocrx_word' id='word_1_230' title='bbox 286 3643 383 3726; x_wconf 85' lang='grc' dir='ltr'><strong>μικροί</strong></span> <span class='ocrx_word' id='word_1_231' title='bbox 411 3669 457 3716; x_wconf 84' lang='grc' dir='ltr'><strong>τις</strong></span> <span class='ocrx_word' id='word_1_232' title='bbox 490 3646 614 3723; x_wconf 73' lang='grc' dir='ltr'><strong>ἡγεῖται</strong></span> <span class='ocrx_word' id='word_1_233' title='bbox 646 3642 780 3722; x_wconf 73' lang='grc' dir='ltr'><strong>μεγαλα</strong></span> <span class='ocrx_word' id='word_1_234' title='bbox 805 3642 968 3721; x_wconf 72' lang='grc' dir='ltr'><strong>δείγματα</strong></span> <span class='ocrx_word' id='word_1_235' title='bbox 991 3648 1046 3716; x_wconf 75' lang='grc' dir='ltr'><strong>τῆς</strong></span> <span class='ocrx_word' id='word_1_236' title='bbox 1071 3641 1181 3710; x_wconf 74' lang='grc' dir='ltr'><strong>ἐκείνου</strong></span> <span class='ocrx_word' id='word_1_237' title='bbox 1204 3647 1331 3724; x_wconf 76' lang='grc' dir='ltr'><strong>γνύμνς</strong></span> 
     </span>
     <span class='ocr_line' id='line_1_30' title="bbox 144 3745 1331 3838; baseline 0.004 -24"><span class='ocrx_word' id='word_1_238' title='bbox 144 3750 195 3814; x_wconf 84' lang='grc' dir='ltr'><strong>καί</strong></span> <span class='ocrx_word' id='word_1_239' title='bbox 229 3749 553 3828; x_wconf 87' lang='grc' dir='ltr'><strong>κακοδαιμονίας</strong></span> <span class='ocrx_word' id='word_1_240' title='bbox 585 3749 630 3819; x_wconf 72' lang='grc' dir='ltr'><strong>ἐς)</strong></span> <span class='ocrx_word' id='word_1_241' title='bbox 662 3757 723 3822; x_wconf 81' lang='grc' dir='ltr'><strong>τοῖς</strong></span> <span class='ocrx_word' id='word_1_242' title='bbox 748 3745 783 3816; x_wconf 82' lang='grc' dir='ltr'><strong>εὖ</strong></span> <span class='ocrx_word' id='word_1_243' title='bbox 807 3752 974 3831; x_wconf 83' lang='grc' dir='ltr'><strong>Φρονοῦσιν.</strong></span> <span class='ocrx_word' id='word_1_244' title='bbox 998 3753 1031 3816; x_wconf 86' lang='lat' dir='ltr'><strong>et</strong></span> <span class='ocrx_word' id='word_1_245' title='bbox 1053 3770 1127 3838; x_wconf 81' lang='lat' dir='ltr'><strong>pag.</strong></span> <span class='ocrx_word' id='word_1_246' title='bbox 1153 3747 1251 3815; x_wconf 86' lang='grc'><strong>1435.</strong></span> <span class='ocrx_word' id='word_1_247' title='bbox 1278 3751 1331 3819; x_wconf 94' lang='lat' dir='ltr'><strong>ll.</strong></span> 
     </span>
     <span class='ocr_line' id='line_1_31' title="bbox 144 3854 1229 3939; baseline 0 -17"><span class='ocrx_word' id='word_1_248' title='bbox 144 3855 199 3929; x_wconf 76' lang='lat' dir='ltr'><strong>risu</strong></span> <span class='ocrx_word' id='word_1_249' title='bbox 221 3855 335 3922; x_wconf 84' lang='grc' dir='ltr'><strong>τούτοιν</strong></span> <span class='ocrx_word' id='word_1_250' title='bbox 359 3855 535 3939; x_wconf 77' lang='grc' dir='ltr'><strong>θρασύτητα</strong></span> <span class='ocrx_word' id='word_1_251' title='bbox 561 3856 613 3922; x_wconf 80' lang='grc' dir='ltr'><strong>καί</strong></span> <span class='ocrx_word' id='word_1_252' title='bbox 638 3854 965 3934; x_wconf 87' lang='grc' dir='ltr'><strong>κακοδαιμονίαν</strong></span> <span class='ocrx_word' id='word_1_253' title='bbox 989 3855 1229 3938; x_wconf 75' lang='grc' dir='ltr'><strong>ἐπανορθοῦντες.</strong></span> 
     </span>
    </p>
   </div>
   <div class='ocr_carea' id='block_1_5' title="bbox 145 4063 1336 4474">
    <p class='ocr_par' dir='ltr' id='par_1_9' title="bbox 145 4063 1336 4474">
     <span class='ocr_line' id='line_1_32' title="bbox 189 4063 1334 4155; baseline 0.003 -24"><span class='ocrx_word' id='word_1_254' title='bbox 189 4069 265 4155; x_wconf 79' lang='lat' dir='ltr'><strong>Pag.</strong></span> <span class='ocrx_word' id='word_1_255' title='bbox 298 4065 353 4132; x_wconf 90' lang='grc'><strong>99.</strong></span> <span class='ocrx_word' id='word_1_256' title='bbox 387 4065 418 4134; x_wconf 90' lang='grc'><strong>2.</strong></span> <span class='ocrx_word' id='word_1_257' title='bbox 451 4067 539 4145; x_wconf 81' lang='grc' dir='ltr'><strong>ύμεῖς</strong></span> <span class='ocrx_word' id='word_1_258' title='bbox 564 4067 589 4132; x_wconf 86' lang='grc' dir='ltr'><strong>δ’</strong></span> <span class='ocrx_word' id='word_1_259' title='bbox 618 4065 683 4133; x_wconf 74' lang='grc' dir='ltr'><strong>οῦδὲ</strong></span> <span class='ocrx_word' id='word_1_260' title='bbox 714 4064 806 4130; x_wconf 86' lang='grc' dir='ltr'><strong>ταῦτ’</strong></span> <span class='ocrx_word' id='word_1_261' title='bbox 835 4063 1056 4142; x_wconf 69' lang='grc' dir='ltr'><strong>ἀπελύσασθε,</strong></span> <span class='ocrx_word' id='word_1_262' title='bbox 1086 4065 1112 4129; x_wconf 88' lang='grc' dir='ltr'><strong>εί</strong></span> <span class='ocrx_word' id='word_1_263' title='bbox 1135 4063 1230 4143; x_wconf 73' lang='grc' dir='ltr'><strong>μηδὲν</strong></span> <span class='ocrx_word' id='word_1_264' title='bbox 1253 4063 1334 4134; x_wconf 79' lang='grc' dir='ltr'><strong>θλλο</strong></span> 
     </span>
     <span class='ocr_line' id='line_1_33' title="bbox 145 4165 1336 4258; baseline 0.003 -21"><span class='ocrx_word' id='word_1_265' title='bbox 145 4171 328 4252; x_wconf 72' lang='grc' dir='ltr'><strong>ἐβούλεσθε,</strong></span> <span class='ocrx_word' id='word_1_266' title='bbox 361 4176 435 4239; x_wconf 76' lang='grc' dir='ltr'><strong>αλλ’</strong></span> <span class='ocrx_word' id='word_1_267' title='bbox 466 4173 608 4258; x_wconf 84' lang='grc' dir='ltr'><strong>[είθκατε</strong></span> <span class='ocrx_word' id='word_1_268' title='bbox 641 4173 709 4257; x_wconf 78' lang='grc' dir='ltr'><strong>καί]</strong></span> <span class='ocrx_word' id='word_1_269' title='bbox 743 4170 889 4254; x_wconf 68' lang='lat' dir='ltr'><strong>solean</strong></span> <span class='ocrx_word' id='word_1_270' title='bbox 921 4171 1010 4247; x_wconf 77' lang='grc' dir='ltr'><strong>δῆλον</strong></span> <span class='ocrx_word' id='word_1_271' title='bbox 1040 4165 1086 4235; x_wconf 78' lang='lat' dir='ltr'><strong>irs</strong></span> <span class='ocrx_word' id='word_1_272' title='bbox 1110 4171 1205 4254; x_wconf 76' lang='grc' dir='ltr'><strong>αύτῷ.</strong></span> <span class='ocrx_word' id='word_1_273' title='bbox 1251 4173 1336 4242; x_wconf 81' lang='lat' dir='ltr'><strong>Ins</strong></span> 
     </span>
     <span class='ocr_line' id='line_1_34' title="bbox 145 4275 1333 4374; baseline -0.003 -22"><span class='ocrx_word' id='word_1_274' title='bbox 145 4285 266 4374; x_wconf 78' lang='lat' dir='ltr'><strong>legitur</strong></span> <span class='ocrx_word' id='word_1_275' title='bbox 284 4277 414 4347; x_wconf 81' lang='grc' dir='ltr'><strong>είοίκατε</strong></span> <span class='ocrx_word' id='word_1_276' title='bbox 433 4280 578 4360; x_wconf 75' lang='grc' dir='ltr'><strong>θΦέτατε</strong></span> <span class='ocrx_word' id='word_1_277' title='bbox 597 4281 714 4345; x_wconf 86' lang='lat' dir='ltr'><strong>omissa</strong></span> <span class='ocrx_word' id='word_1_278' title='bbox 733 4277 846 4364; x_wconf 79' lang='lat' dir='ltr'><strong>copula</strong></span> <span class='ocrx_word' id='word_1_279' title='bbox 866 4277 929 4344; x_wconf 90' lang='grc' dir='ltr'><strong>καί.</strong></span> <span class='ocrx_word' id='word_1_280' title='bbox 966 4275 1133 4346; x_wconf 82' lang='lat' dir='ltr'><strong>Glossema</strong></span> <span class='ocrx_word' id='word_1_281' title='bbox 1144 4283 1192 4344; x_wconf 88' lang='lat' dir='ltr'><strong>est</strong></span> <span class='ocrx_word' id='word_1_282' title='bbox 1204 4277 1333 4348; x_wconf 82' lang='grc' dir='ltr'><strong>είςίκατε</strong></span> 
     </span>
     <span class='ocr_line' id='line_1_35' title="bbox 148 4386 691 4474; baseline -0.013 -16"><span class='ocrx_word' id='word_1_283' title='bbox 148 4393 186 4458; x_wconf 90' lang='lat' dir='ltr'><strong>ad</strong></span> <span class='ocrx_word' id='word_1_284' title='bbox 209 4388 357 4471; x_wconf 77' lang='grc' dir='ltr'><strong>ύφὲεατε</strong></span> <span class='ocrx_word' id='word_1_285' title='bbox 382 4386 462 4454; x_wconf 92' lang='lat' dir='ltr'><strong>olim</strong></span> <span class='ocrx_word' id='word_1_286' title='bbox 485 4387 691 4474; x_wconf 79' lang='lat' dir='ltr'><strong>adscriptum.</strong></span> 
     </span>
    </p>
   </div>
   <div class='ocr_carea' id='block_1_6' title="bbox 191 4489 1340 4648">
    <p class='ocr_par' dir='ltr' id='par_1_10' title="bbox 191 4489 1340 4648">
     <span class='ocr_line' id='line_1_36' title="bbox 191 4489 1340 4582; baseline -0.011 -18"><span class='ocrx_word' id='word_1_287' title='bbox 191 4496 271 4564; x_wconf 80' lang='lat' dir='ltr'><strong>Post</strong></span> <span class='ocrx_word' id='word_1_288' title='bbox 301 4515 403 4582; x_wconf 85' lang='lat' dir='ltr'><strong>peuoa</strong></span> <span class='ocrx_word' id='word_1_289' title='bbox 431 4514 506 4582; x_wconf 79' lang='lat' dir='ltr'><strong>pag.</strong></span> <span class='ocrx_word' id='word_1_290' title='bbox 539 4492 593 4558; x_wconf 85' lang='lat'><strong>99.</strong></span> <span class='ocrx_word' id='word_1_291' title='bbox 626 4492 659 4559; x_wconf 86' lang='lat'><strong>8.</strong></span> <span class='ocrx_word' id='word_1_292' title='bbox 693 4489 732 4556; x_wconf 77' lang='grc' dir='ltr'><strong>ῦν</strong></span> <span class='ocrx_word' id='word_1_293' title='bbox 762 4496 867 4557; x_wconf 90' lang='grc' dir='ltr'><strong>ταῦτα</strong></span> <span class='ocrx_word' id='word_1_294' title='bbox 891 4489 1007 4570; x_wconf 74' lang='grc' dir='ltr'><strong>λύγοισι</strong></span> <span class='ocrx_word' id='word_1_295' title='bbox 1032 4489 1065 4558; x_wconf 88' lang='grc' dir='ltr'><strong>τί</strong></span> <span class='ocrx_word' id='word_1_296' title='bbox 1088 4491 1210 4572; x_wconf 74' lang='grc' dir='ltr'><strong>ἐροῦμεν</strong></span> <span class='ocrx_word' id='word_1_297' title='bbox 1233 4494 1281 4577; x_wconf 49' lang='lat' dir='ltr'><strong>[rb</strong></span> <span class='ocrx_word' id='word_1_298' title='bbox 1307 4497 1340 4562; x_wconf 63' lang='grc' dir='ltr'><strong>τί</strong></span> 
     </span>
     <span class='ocr_line' id='line_1_37' title="bbox 1164 4603 1197 4648; baseline 0 0"><span class='ocrx_word' id='word_1_299' title='bbox 1164 4603 1197 4648; x_wconf 85' lang='lat' dir='ltr'><strong>ao</strong></span> 
     </span>
    </p>
   </div>
   <div class='ocr_carea' id='block_1_7' title="bbox 0 0 1687 5084">
    <p class='ocr_par' dir='ltr' id='par_1_11' title="bbox 0 0 1687 5084">
     <span class='ocr_line' id='line_1_38' title="bbox 0 0 1687 5084; baseline 0 0"><span class='ocrx_word' id='word_1_300' title='bbox 0 0 1687 5084; x_wconf 95' lang='lat' dir='ltr'><strong> </strong></span> 
     </span>
    </p>
   </div>
  </div>
 </body>
</html>
