3304 5090
688 353 752 434 iti

131 551 282 622 intantum
311 551 452 640 reliquit
498 552 626 620 Soiebat
655 557 764 621 mmen
794 557 828 620 in
857 555 949 623 libris
972 555 1121 622 omnibus
1146 594 1187 604 —
1211 579 1314 630 σοντες

132 667 166 728 et
199 699 237 712 -
269 683 380 731 σσντεο
415 665 539 746 praeter
573 663 710 728 suetonis
744 665 934 730 sententiam
966 669 1022 730 aut
1050 669 1159 730 aontm
1189 665 1316 732 dicendi

131 767 217 858 legee
235 773 384 854 perpetuo
406 766 565 832 confundi.

177 873 323 939 Eiusdem
353 873 400 938 rei
429 874 554 960 insigne
584 873 769 959 exemplum
796 878 845 940 eet
867 896 940 964 pag.
966 875 1043 942 515.
1069 876 1315 956 νεωτεροσίίντοον

133 980 165 1045 δὲ
190 987 244 1046 τῶν
268 977 324 1056 ἔξω
348 983 402 1045 τοῦ
426 981 548 1060 Ταύρου
572 981 623 1045 διὰ
647 981 682 1045 τί
707 980 779 1059 πρὸς
803 983 1040 1049 ’ΛΛΛΗΛΟΙΕ
1064 977 1141 1047 εἶναι
1165 983 1235 1055 τοὺς
1260 989 1316 1058 τοῖς

132 1089 241 1166 Συρίας
282 1085 335 1152 καί
379 1091 435 1159 τῆς
477 1085 603 1162 Μηδίας
641 1085 807 1164 βαοοαίασ.
855 1087 976 1154 Verum
1010 1088 1111 1172 vidit,
1146 1095 1184 1153 ut
1218 1088 1315 1165 solet,

132 1191 288 1280 'l'yrwhitt
319 1191 508 1258 emendans:
541 1191 592 1258 διὰ
622 1192 657 1257 τὸ
687 1194 760 1272 σρίς
789 1196 971 1260 ἈΛΛΟΙΟ
1001 1189 1096 1270 νίνου,
1128 1195 1212 1279 quod
1236 1194 1318 1260 Kra-

130 1319 217 1366 mero
240 1302 432 1382 „mapuopere
453 1298 597 1376 arridet,”
616 1298 670 1364 sed
690 1303 796 1365 tamen
817 1301 990 1366 absurdum
1011 1299 1160 1375 αλλήλοις
1180 1298 1317 1366 fideliter

130 1408 251 1472 retinet
296 1402 427 1470 Poterat
456 1409 564 1470 tamen
593 1407 779 1472 meminisse
814 1405 891 1472 haee
926 1426 1049 1490 quoque
1080 1409 1253 1472 sexcenties
1282 1409 1317 1472 in

129 1511 218 1578 libris
245 1513 330 1577 inter
361 1531 394 1576 se
423 1512 606 1596 permisceri
632 1509 737 1576 ἄνοον
762 1549 803 1560 -
827 1513 988 1586 bantana,
1015 1512 1122 1584 ἄλλοις
1150 1551 1192 1562 -
1218 1513 1318 1590 οίαοί-

129 1634 203 1692 λοσς.
246 1615 444 1683 Simillimne
475 1616 564 1683 loeus
593 1615 715 1705 legitur
745 1639 819 1705 pag.
844 1615 920 1682 669.
954 1617 1026 1697 τρίς
1050 1619 1158 1700 ἑτέροιο
1183 1619 1209 1684 δ’
1232 1618 1315 1693 ὄντες

128 1733 192 1796 τοῖς
221 1723 377 1803 ἐγγυτέρω
402 1761 444 1772 -
468 1723 529 1805 οὐχ
559 1716 614 1788 οίοί
635 1725 664 1788 τ’
688 1721 766 1798 ἦσαν
788 1723 832 1788 τοὶ
855 1722 1001 1803 οὶτυτέριο
1026 1732 1160 1790 σκοπεῖν.
1186 1733 1219 1792 et
1240 1745 1315 1814 pag.

130 1829 203 1896 456.
228 1832 300 1910 πρὸς
326 1828 433 1900 ἄλλοις
456 1829 591 1910 μείζοσιν
614 1827 653 1894 ὢν
677 1829 832 1895 κατέλυσε
855 1829 906 1894 τὸν
930 1829 1008 1907 βίον.

174 1935 319 2004 tersum
347 1935 427 2002 addo
453 1956 527 2023 pag.
559 1934 635 2001 581.
668 1943 734 2001 οσαί
764 1937 893 2023 (inquit)
921 1943 1041 2019 potrum
1072 1946 1236 2003 ασσίσοσαννν
1260 1960 1316 2002 σασ-

128 2044 220 2108 onorio
250 2044 389 2125 Smyrnae
419 2042 529 2106 nobilis
558 2043 658 2107 σοίοίο
688 2043 883 2120 medicorum,
914 2047 965 2107 νῦν
995 2043 1021 2108 δ’
1044 2045 1105 2124 οὐχ
1130 2045 1247 2120 ὁμοίως
1271 2050 1316 2108 Τί

130 2149 307 2228 συμβαίνει.
343 2147 540 2214 Felicissime
559 2144 687 2215 Corsis:
709 2151 769 2231 οὐχ
788 2149 895 2226 ὅμοίως
909 2152 998 2213 ''eTI
1011 2158 1192 2226 ουροΜΕνεν.
1230 2159 1318 2228 Συμ-

130 2255 232 2336 βαίνεο
263 2261 297 2322 ot
328 2254 477 2333 συμμένεο
503 2257 601 2320 etiam
625 2255 704 2321 alibi
726 2277 789 2322 non
811 2275 899 2339 raro,
923 2255 1007 2341 apud
1030 2253 1218 2321 Strabonem
1242 2274 1317 2341 quo·

129 2385 204 2450 que,
233 2361 365 2430 confusa
385 2363 604 2447 reperiuntur,
629 2368 666 2427 ut
684 2383 758 2452 pag.
784 2361 860 2428 598.
885 2369 1053 2441 συμμεῖναί
1077 2399 1119 2413 -
1143 2362 1315 2442 συμβῆναί.

129 2490 199 2558 pag.
224 2468 290 2534 595
315 2469 520 2545 συμμὲνουσον
545 2505 586 2516 -
612 2468 845 2547 συμβαίνουσιν.

169 2574 305 2661 Propria
337 2575 436 2641 verba
469 2579 544 2640 eunt
578 2576 611 2639 in
642 2573 698 2640 tali
730 2595 765 2641 re
796 2575 946 2654 συμμίνεο
978 2581 1010 2643 at
1040 2575 1086 2642 ίτν
1109 2574 1260 2654 συαμίνει
1284 2581 1317 2642 et

128 2682 210 2769 apud
239 2681 320 2748 alios
349 2687 382 2746 et
413 2681 499 2768 apud
527 2678 716 2747 Strabonem
745 2681 849 2748 veluti
882 2702 955 2771 pag.
992 2680 1068 2748 300.
1105 2681 1157 2748 καί
1190 2685 1240 2747 νῦν
1271 2680 1317 2746 ἔτι

128 2789 286 2868 συμμίνεο.
318 2793 352 2854 et
382 2807 457 2876 pag.
490 2785 566 2852 646.
597 2786 633 2852 τὸ
664 2791 715 2852 νῦν
744 2787 790 2853 ἔσο
817 2791 982 2866 συμμένον.
1009 2795 1042 2854 et
1069 2808 1144 2877 pag.
1170 2783 1245 2852 888.
1270 2784 1316 2852 ἔτι

127 2896 255 2975 μετρίας
278 2893 444 2972 evonem,
469 2899 501 2959 et
524 2892 597 2960 aliis
619 2893 708 2960 loeis.
746 2893 867 2961 Tamen
886 2902 973 2962 esrta
991 2895 1170 2962 emendatio
1188 2914 1252 2961 non
1270 2899 1319 2961 eet

127 3009 262 3090 recepta
307 3001 467 3066 Laudatur
489 3005 518 3064 σί
539 3001 628 3084 αίρσί.

171 3211 300 3279 Smne
328 3232 403 3299 pag.
427 3209 506 3277 558..
531 3209 716 3299 (Homerus)
739 3210 792 3278 αα)
816 3209 922 3284 ἄλλως
944 3209 1118 3293 'essetnec
1142 3209 1222 3294 ἔχων
1245 3210 1318 3292 τρία

128 3319 163 3384 τὸ
193 3326 257 3391 τοῖς
292 3326 445 3395 ποταμοῖς
469 3319 668 3399 ἀφορίζεσθαι
693 3318 761 3389 τοὺς
785 3317 908 3391 τόπους.
955 3319 1045 3385 Duae
1066 3316 1213 3384 literulee
1236 3320 1319 3384 exai-

129 3425 260 3491 derunt:
290 3423 408 3490 Strabo
436 3426 522 3490 enim
552 3423 758 3506 θτετνφίρυς
782 3423 916 3492 dixerat.
943 3424 1249 3510 Frequentiesimum
1272 3429 1320 3490 eet

128 3532 309 3612 εὖεπίφορον
340 3527 418 3596 είνοοο
442 3538 475 3598 et
496 3534 683 3612 εὐετοφίρσνς
708 3532 793 3614 ἔχειν
816 3531 855 3596 de
878 3551 915 3598 eo
938 3533 993 3616 qui
1017 3530 1094 3618 quid
1115 3529 1262 3597 lubenter
1285 3550 1321 3597 ao

127 3658 221 3724 saepe
244 3638 350 3703 dicere
373 3642 430 3703 aut
451 3638 553 3703 faeere
574 3637 664 3704 solet.
707 3637 829 3704 Iterum
853 3637 891 3704 de
909 3636 1052 3704 Homero
1072 3636 1151 3703 dieit
1169 3658 1243 3726 pag.
1263 3635 1319 3702 28.

127 3743 316 3824 οὖετνφίρονο
346 3741 426 3824 ἔχει.
480 3743 581 3830 Saepe
610 3744 680 3811 vidi
712 3744 830 3811 scribae
863 3746 909 3810 eie
943 3751 1081 3810 errantes
1114 3745 1149 3809 in
1183 3741 1321 3810 Scholiis

127 3849 259 3919 Venetis
281 3850 323 3917 ad
344 3849 489 3919 iliadem.

175 4057 257 4150 Peg.
283 4057 360 4127 555.
385 4061 441 4136 τὴν
464 4062 522 4139 μὲν
545 4055 593 4128 οὖν
617 4060 728 4142 μικρὸν
747 4061 913 4138 Ἀρμενίαν
932 4057 1045 4125 ἄλλοτ’
1064 4055 1169 4123 ἄλλων
1188 4057 1321 4140 ἐχόντων

129 4173 204 4234 'nc
236 4167 400 4246 ἐβούλοντο
430 4171 574 4246 Ῥωμαῖον
618 4171 686 4234 imo
715 4187 791 4234 vero
815 4185 896 4242 onos
918 4166 1049 4232 Romani
1071 4165 1219 4251 volabaut,
1239 4175 1322 4232 O'rC

132 4273 296 4352 ἐβούλοντο
317 4277 471 4351 Ῥωμαῖον.
492 4283 530 4340 ut
548 4295 623 4363 pag.
645 4272 721 4340 398.
741 4275 899 4355 τυράννους
920 4277 1023 4344 αὐτοῖς
1045 4273 1222 4344 κατίςννσαν
1238 4282 1322 4339 ΟΥΕ

133 4381 148 4446 ὃ
183 4381 337 4460 βασιλεὺς
372 4380 530 4458 ἐβούλετο.
568 4387 602 4447 et
634 4402 707 4470 pag.
745 4379 821 4447 312.
858 4380 917 4447 ὑπὸ
947 4388 1011 4451 τοῖς
1041 4385 1100 4444 τῶν
1130 4386 1322 4463 Βοσπορανῶν

134 4487 319 4574 βασιλεῦσίν
331 4537 340 4568 ,
367 4497 451 4554 0Το
474 4487 512 4554 αν
536 4491 680 4566 Ῥωμαῖον
704 4490 921 4565 καταςίσυσνν
945 4482 1074 4552 ἅπαντα
1097 4486 1169 4558 ίτον.
