3296 5104
682 401 725 471 33

90 615 128 658 re
164 594 348 684 colligitur.
395 594 590 682 Necopinato
620 617 693 662 oum
728 597 843 660 infesto
877 598 1018 662 exercitu
1049 597 1137 662 adest
1167 599 1301 664 ethaeo

90 702 249 766 minacia
277 701 375 767 verba
401 704 494 768 iacit:
528 711 610 781 „aud
633 703 713 767 vobis
735 709 789 765 ουό
810 701 885 764 mihi
899 701 1111 785 pereundaffl,
1136 703 1175 769 do
1197 703 1301 770 saluto

91 809 160 870 erit
185 807 301 884 nobis,
325 827 389 872 non
411 808 450 874 ds
472 810 607 896 imperio
631 808 867 886 dimicandum,
890 815 922 872 et
940 814 977 874 ut
996 809 1162 894 proverbio
1182 811 1300 876 dicitur

92 913 110 984 ἢ
138 916 191 991 ’μ’
220 915 335 992 ἀνάειρ’
359 913 376 989 ή
402 915 462 992 ἐγὼ
486 915 531 978 οέ.
578 918 646 981 Aut
667 917 803 990 moriar,
828 916 950 999 inquit,
975 919 1031 979 aut
1054 915 1208 1001 oppidum
1232 938 1299 982 ves·

91 1027 191 1085 trum
219 1019 341 1085 delebo.
391 1019 475 1100 Quid
497 1026 546 1086 est
566 1023 670 1109 igitur
692 1017 946 1085 restituendum?
969 1019 1057 1086 Duas
1079 1019 1224 1087 literulss
1247 1023 1300 1088 ad·

92 1126 173 1191 dere
199 1127 282 1191 satis
302 1132 366 1191 ast:
398 1126 482 1203 δεῑή
507 1127 634 1198 ἐκείνους
659 1127 689 1191 ἕν
713 1125 850 1206 Ὀλύνθῳ
882 1126 925 1202 μδ
959 1127 1048 1190 οἰκεῖν
1073 1126 1090 1203 ή
1116 1127 1209 1191 αύτδν
1233 1137 1298 1193 ΜΗ

92 1233 125 1294 ἐν
151 1232 352 1316 Μακεδονία.
398 1229 481 1296 Sunt
511 1232 589 1298 haer
614 1235 658 1298 sic
689 1235 767 1297 satis
797 1231 889 1297 orado
911 1231 1006 1317 plana
1029 1238 1061 1298 ot
1085 1244 1178 1298 erunt
1200 1237 1298 1300 etiam

93 1338 251 1422 planiora
280 1343 309 1404 si
340 1342 570 1424 comparaveris
599 1360 672 1428 pag.
701 1336 773 1402 134.
800 1335 854 1402 23.
880 1335 933 1403 70.
961 1338 1012 1403 10.
1038 1339 1063 1402 εἰ
1087 1339 1151 1420 γὰρ
1174 1341 1296 1420 Ἀμφό-

93 1462 192 1510 πολιυ
220 1446 272 1511 καὶ
297 1443 463 1512 Ποτίδαιαν
487 1451 606 1524 προεῖτο
629 1445 690 1510 οὐδ’
714 1444 752 1509 διν
773 1445 803 1508 ἐν
822 1445 1001 1527 Μακεδονία
1020 1445 1121 1522 μένειν
1140 1448 1296 1528 α’σφαλῶς

96 1575 246 1629 ήγειται.

142 1766 231 1856 Pag.
256 1765 332 1832 116.
359 1767 412 1834 10.
435 1771 541 1848 πολλῷ
565 1767 802 1847 παραδοξότερον
826 1765 860 1842 ήν
882 1771 1022 1832 τυσοῦτον
1047 1766 1140 1831 αὐτόν
1158 1766 1296 1854 (Philip-

96 1982 199 2046 λοιποὶ
237 1982 293 2061 ὑφ’
328 1983 411 2061 αύτῷ
448 1983 650 2056 ποιήσασθαι.
698 1978 777 2061 Quis
807 1980 994 2065 praesertim
1022 1979 1204 2044 admonitus
1232 2000 1295 2046 non
1352 2013 1358 2022 ·

98 2089 255 2153 continuo
278 2087 505 2154 animadvertit
527 2088 717 2162 ποιήσεσθαι
739 2106 853 2152 rerum
877 2083 965 2151 asse?
987 2085 1112 2171 Nempe
1131 2085 1296 2172 defuturi

97 2191 180 2256 belli
205 2199 323 2258 eventu
347 2193 425 2259 haer
448 2193 512 2259 dici
534 2193 642 2278 palam
665 2198 723 2260 est.

144 2406 229 2495 Pag.
251 2406 327 2472 118.
348 2405 403 2472 23.
423 2403 481 2472 ὅσα
501 2445 544 2457 -
565 2405 705 2487 ἔπασχον
726 2407 751 2471 οἱ
769 2405 921 2479 Ἕλληνες
941 2405 1017 2469 ἁλλ’
1031 2401 1080 2470 ούν
1093 2403 1150 2470 ὑπὸ
1163 2404 1294 2482 γνήσιύν

100 2514 132 2587 ν’
164 2513 257 2577 όντων
287 2523 344 2589 τής
364 2511 515 2584 Ἐλλύδος
540 2512 711 2590 ήδικοῡντο,
733 2549 776 2560 —-
795 2509 895 2590 ὥσπερ
919 2510 957 2576 όον
980 2513 1006 2575 εἱ
1030 2511 1091 2582 υἱός
1114 2512 1183 2574 ἘΝ
1206 2511 1295 2592 ούσόιρ

100 2631 206 2700 πολλῇ
231 2621 364 2698 γεγονὼς
388 2621 538 2704 [γνήσιος]
563 2620 660 2702 διῴκει
684 2643 713 2684 τι
734 2620 778 2696 μή
798 2625 909 2688 καλῶς.
946 2616 1090 2682 Emenda
1107 2616 1185 2681 'GH’
1205 2615 1294 2699 ούσόᾳ

101 2735 205 2808 πολλή
230 2733 305 2792 noto
327 2747 389 2791 usu
411 2747 468 2811 pro
488 2749 659 2807 adquorum
677 2725 854 2789 diviciarum
872 2726 956 2788 derra
973 2723 1136 2808 aliqrcaudo
1146 2723 1291 2808 satum,

101 2850 163 2914 quo
204 2832 287 2897 facto
321 2832 437 2898 inutile
471 2833 593 2909 γνήσιος
630 2853 669 2896 ox
703 2830 963 2917 praecedentibus
999 2827 1083 2892 malo
1119 2830 1292 2912 repetitum

100 2957 258 3026 expungo.
305 2937 412 3003 Isaeus
441 2959 515 3026 pag.
547 2936 601 3002 80.
632 2936 664 3002 2.
698 2939 714 3012 ή
746 2937 846 3014 μήτηρ
879 2938 895 3009 ή
929 2936 988 3012 ἐμή
1019 2937 1088 2998 ἘΝ
1123 2933 1217 2997 παντὶ
1248 2933 1290 3011 τῷ

102 3042 168 3124 οἴιιιρ
192 3045 351 3124 ἐπίκληρος
376 3045 517 3122 ἐγένετο,
542 3047 595 3111 cui
617 3043 672 3108 ἐπί
693 3043 832 3109 reddidit
854 3040 1082 3106 Valckenarius
1104 3039 1145 3104 ad
1169 3037 1287 3103 Herod.

101 3146 168 3214 Vll.
202 3148 279 3214 224.
321 3147 478 3236 Compara
498 3150 607 3216 locum
629 3147 710 3215 Isaoi
732 3169 805 3236 pag.
831 3145 885 3212 82.
910 3147 940 3212 1.
964 3153 1027 3218 πῶς
1051 3147 1104 3211 ούκ
1128 3145 1287 3225 ε’πόκλιρρος

104 3248 134 3325 ἦν
157 3255 210 3321 ἐπὶ
235 3258 351 3328 τούτοις
375 3266 439 3327 τοῖς
458 3258 618 3336 χρήμασιν
643 3257 660 3330 ή
684 3257 743 3334 ἐμή
768 3254 885 3338 μήτήρ;

93 3467 97 3478 “
145 3469 204 3535 ms
232 3470 321 3535 loeus
350 3489 424 3558 pag.
458 3467 534 3534 119.
564 3465 708 3536 14-19.
743 3469 778 3530 in
802 3463 825 3530 S
848 3467 985 3530 omissus
1008 3469 1040 3529 sd
1062 3485 1161 3529 manu
1184 3485 1289 3530 roren-

104 3576 179 3641 tiore
210 3577 244 3640 in
273 3579 418 3664 margine
449 3575 591 3652 additus,
622 3576 680 3658 qui
708 3594 762 3638 me
792 3571 897 3636 iudice
929 3576 1015 3636 totus
1044 3570 1234 3636 reficiendus
1258 3577 1290 3636 et

103 3682 286 3747 resecandus
309 3687 357 3746 ost
380 3687 417 3746 nt
439 3680 479 3747 ab
499 3679 640 3745 Oratoris
663 3681 819 3744 sententia
841 3698 969 3763 prorsus
987 3676 1166 3742 abhorrens.
1186 3677 1218 3741 σι’
1233 3685 1289 3752 τῆς

104 3785 241 3867 ἒσχύτνρς
266 3785 379 3866 ύβρευς
404 3788 585 3863 &arariam
612 3785 780 3851 exclamat.
807 3786 840 3848 ού
862 3784 960 3856 τόόησι
985 3783 1042 3859 μὲν
1065 3783 1109 3848 τόν
1127 3783 1225 3848 Πύόια
1246 3821 1287 3830 -

104 3891 157 3957 κᾶν
177 3894 271 3964 αύτδς
296 3897 341 3971 μή
361 3904 443 3974 παρῇ
463 3893 532 3963 τούς
553 3892 675 3962 δούλους
694 3891 979 3969 ἀγωνοθετήσοντας
999 3889 1135 3967 adaram
1148 3887 1288 3974 Insignis

104 3999 256 4080 quasdam
285 4000 363 4064 haer
393 4006 441 4065 est
471 3997 665 4066 Graecorum
695 3998 814 4062 iudicio
846 3995 1041 4062 contumelia
1065 4010 1097 4060 et
1119 3993 1289 4059 insolentia

105 4111 134 4168 et
161 4109 342 4194 arrogantia
372 4111 404 4171 et
433 4106 650 4191 impudentia:
675 4103 790 4182 ὄλεθρος
814 4102 966 4167 Μακεδὼν
988 4103 1086 4174 σι’όήσι
1110 4099 1153 4163 τόι
1176 4098 1286 4164 Πύόια.

105 4205 162 4275 Sed
194 4212 269 4276 vide
305 4212 382 4296 quid
416 4217 583 4296 sequatur:
620 4209 716 4289 κύριος
752 4209 783 4274 δὲ
819 4214 927 4274 Πυλῶν
962 4205 1014 4270 καὶ
1045 4213 1104 4270 τῶν
1134 4203 1185 4268 ε’πδ
1216 4203 1285 4274 τούς

102 4313 256 4390 Ἕλληνας
282 4317 418 4397 παρόδων
440 4320 486 4387 ε’ςὶ
511 4319 561 4382 καὶ
587 4323 730 4397 φρουραῖς
755 4315 807 4380 καὶ
829 4313 921 4392 ξένοις
942 4313 1011 4381 τοὺς
1032 4311 1142 4380 τόπους
1162 4309 1288 4380 τούτους

106 4425 243 4503 κατέχει.
292 4425 363 4489 Non
387 4429 434 4490 est
456 4425 533 4490 haec
555 4421 699 4507 Phih'ppi
723 4419 829 4502 ύβρις,
854 4426 891 4486 ut
914 4421 1041 4506 opinor:
1066 4417 1120 4482 sod
1144 4413 1288 4495 ύβρνςικύ

105 4535 174 4594 sunt
198 4551 280 4616 quas
302 4535 373 4615 post
395 4529 504 4596 locum
525 4527 752 4614 interpolatum
774 4533 966 4612 sequnntur:
985 4523 1104 4606 γράφει
1122 4523 1153 4586 δὲ
1168 4531 1290 4586 Θεττα-

1105 4633 1122 4677 a
