3356 5086
693 381 757 453 337

179 569 317 642 Constat
344 576 450 664 igitur
475 575 538 642 sibi
558 577 635 640 nota
655 573 733 640 haec
756 570 946 640 Graecitatis
968 572 1115 662 analogia
1136 577 1174 638 ut
1195 575 1325 642 nomina

134 677 167 742 in
193 703 267 762 -ραι
287 681 405 748 ultima
426 683 517 749 brevi
540 681 676 748 habeant
697 682 732 746 in
753 678 932 765 penultima
954 679 1191 769 diphthongum
1214 689 1321 767 μοῖρα,

133 793 245 866 πεῖραι,
280 794 418 872 σφαῖρα,
450 786 578 871 ἄρουραι,
611 786 772 868 μάκαιραι,
806 786 934 866 σώτειρα
968 791 1041 852 cett.
1077 792 1186 853 contra
1219 789 1320 869 πήρα,

132 891 225 970 θήρα,
260 895 365 975 χώρα,
399 892 458 976 ὥρα
486 899 518 960 et
542 895 614 959 sim.
637 895 745 959 omnia
767 917 788 957 αι
811 892 999 978 producant.
1046 891 1133 974 Αὔρα
1156 893 1323 981 digamma

130 996 164 1060 in
187 1018 223 1063 sc
248 999 357 1069 habet.
390 999 539 1067 Postulat
555 1001 662 1088 'igitur
683 997 829 1087 analogia
851 1003 908 1065 aut
926 997 1027 1081 πρώρα
1048 1003 1086 1064 ut
1104 996 1181 1079 ὥρα,
1201 1000 1318 1080 ὀπώρα,

130 1106 186 1167 ant
218 1111 334 1186 πρῶιραι
363 1110 402 1172 nt
431 1115 542 1187 μοῖραι,
573 1111 683 1186 πεῖρα,
715 1111 847 1186 σφαῖρα.
894 1104 952 1170 Est
986 1110 1095 1171 autem
1129 1107 1229 1187 πρώρα
1263 1110 1321 1173 aut

129 1207 229 1290 πρῶριι
255 1211 359 1278 sicubi
379 1211 501 1301 legitur
522 1213 605 1279 sitio
627 1216 757 1276 natum:
783 1230 893 1277 omnes
917 1215 1094 1277 constanter
1116 1214 1218 1294 πρῷρα
1238 1213 1319 1280 dice-

129 1314 218 1381 bant.
266 1317 481 1385 Luculentum
504 1319 725 1385 testimonium
748 1318 826 1383 dicit
849 1317 960 1384 doctus
982 1320 1212 1406 gremmaticus
1234 1318 1319 1405 apud

129 1419 275 1508 Etymol.
304 1423 354 1491 M.
385 1446 459 1514 pag.
492 1422 569 1491 692.
604 1421 659 1490 25.
692 1432 870 1489 ΠΡΩΙΡΛε
895 1425 949 1490 σὺν
972 1425 1014 1505 τῷ
1039 1434 1064 1488 1.
1088 1461 1132 1474 -
1156 1421 1222 1504 ἔχει
1245 1425 1319 1491 ril

130 1529 495 1610 προσγεγραμμένον-
519 1528 623 1602 ἐπειδὴ
653 1526 776 1611 εὕρηται
808 1529 893 1595 saris
925 1527 1068 1600 διαίςασιν
1098 1531 1136 1603 ὥς
1166 1531 1254 1612 παραὶ
1278 1533 1320 1613 spi

130 1645 242 1718 ποιιρπῇ
272 1637 597 1718 κυανοπρινΐρονς
630 1635 682 1699 καὶ
707 1636 793 1717 παραὶ
819 1635 971 1716 Σιμωνίδῃ
1001 1637 1317 1716 ιινανοπρώῖραν.

132 1776 172 1788 -
198 1740 212 1804 i
236 1741 267 1806 δὲ
290 1741 468 1824 Ἡρωδιανὸς
491 1743 542 1808 διὰ
565 1749 620 1816 τῆς
646 1751 685 1808 ΕΙ
708 1741 878 1824 διφθόγγον
902 1740 1020 1824 γράφει
1041 1739 1206 1830 (apricus).
1230 1741 1317 1808 Hinc

130 1843 209 1910 olim
243 1847 386 1915 Homero
418 1849 616 1916 reddidimus
650 1847 763 1935 Odyss.
797 1872 832 1926 ν.
868 1847 944 1914 299.
979 1848 1228 1930 κνανιπριιείρανι
1259 1869 1316 1935 pro

131 1949 234 2019 forma
260 1955 414 2021 mendosa
440 1953 688 2036 κνανοπρωρείονς
713 1958 746 2019 at
767 1956 886 2039 passim
911 1955 1134 2036 κνανοπρώιροια
1157 1954 1212 2019 σὺν
1234 1955 1277 2035 τῷ
1301 1964 1314 2019 1

131 2061 382 2128 rescribendum.
407 2061 536 2148 Reponc
559 2063 662 2149 igitur
685 2057 798 2140 πρῴρας
822 2083 857 2137 μ·
882 2059 958 2127 230.
985 2067 1017 2127 et
1035 2059 1170 2141 Πρῳρεύς
1191 2063 1216 2125 t.
1240 2059 1316 2127 113.

133 2165 344 2253 similiterque
365 2170 400 2233 in
423 2169 554 2233 caeteris
577 2166 727 2233 derivatis
750 2170 782 2232 et
804 2167 989 2252 compositis
1010 2165 1195 2248 βούπρῳρος,
1216 2163 1318 2246 ἀνδρό-

132 2294 241 2353 πριρρος
253 2321 262 2352 ,
297 2272 525 2354 καλλίπρῳρον,
560 2273 742 2354 ἀντίπρῳροι
777 2278 836 2338 cet.
894 2272 1015 2338 Eadem
1047 2273 1150 2338 forma
1188 2275 1319 2339 caeteris

134 2397 256 2464 queque
278 2380 485 2467 scriptoribus
507 2379 675 2445 reddenda.
721 2379 817 2464 Apud
839 2378 944 2445 solum
963 2378 1184 2468 Thucydidem
1204 2385 1316 2460 πρῶιρα

133 2483 166 2548 in
186 2483 271 2552 libro
292 2490 401 2554 vetere
423 2485 493 2552 VII.
517 2483 571 2550 36.
595 2488 758 2551 servatum
781 2485 915 2553 videbis.
961 2484 997 2551 In
1021 2486 1151 2552 coeteris
1173 2489 1211 2550 ut
1234 2484 1318 2573 apud

134 2586 312 2658 Homerum
338 2596 516 2660 constanter
537 2595 704 2680 peccatum
729 2595 786 2659 ct.

514 2843 668 2901 ΤΡΩΙΑΙ
695 2872 737 2884 -
762 2842 939 2901 ΔΜΩΙΑῙ.

177 3017 380 3103 Ubicumque
403 3012 534 3083 Codices
553 3021 586 3084 et
604 3017 751 3084 Editores
769 3017 876 3099 Τριναί
895 3023 927 3084 ct
946 3017 1048 3097 δμωαί
1067 3019 1217 3086 exhibent
1237 3025 1322 3088 certa

136 3123 281 3212 analogia
310 3122 459 3190 violatur.
519 3122 568 3188 Ex
598 3123 683 3204 Τρώς
713 3125 854 3190 nascitur
884 3125 1012 3204 Τρώϊοι,
1045 3126 1129 3211 quod
1158 3129 1193 3192 in
1223 3127 1323 3210 Τρῳάς

136 3231 347 3308 contrahitur,
376 3250 415 3295 ex
437 3227 519 3306 δαῶς
545 3228 653 3308 iudice
679 3231 774 3308 δμαΐνι
800 3234 833 3296 et
857 3228 958 3310 δμῳιὶ,
983 3253 1021 3297 ex
1045 3230 1101 3313 ζῶς
1126 3231 1208 3312 (diss
1231 3231 1321 3319 ζῳός,

136 3336 168 3399 in
201 3336 316 3424 quihus
348 3335 496 3401 omnibus
524 3341 677 3422 perpetuo
699 3339 857 3422 peccatur.
905 3334 1011 3425 Vulgo
1035 3339 1121 3404 enim
1147 3338 1269 3427 legitur
1289 3342 1324 3405 in

136 3439 226 3508 libris
253 3444 371 3508 nostris
401 3442 507 3524 Τραα1
538 3446 571 3508 ct
603 3440 765 3526 Τρωάδος,
793 3441 895 3520 δμωαί
918 3448 950 3507 ct
972 3442 1064 3524 ζωοῦ,
1089 3442 1160 3526 ζωόν
1183 3450 1215 3511 ct
1238 3448 1322 3524 sim„

138 3565 215 3631 quae
246 3551 354 3613 omnin
384 3547 513 3634 perinde
535 3550 652 3614 vitiosa
675 3552 758 3613 sunt.
805 3546 935 3614 Veteres
958 3547 1170 3616 Grammatici
1193 3553 1324 3617 suntin

138 3651 186 3718 his
208 3654 357 3720 omnihus
381 3653 631 3741 diligentissimi.
680 3654 730 3719 hd
753 3651 845 3719 Iliad.
871 3663 907 3718 E.
930 3651 1006 3720 461.
1027 3660 1211 3736 annotatum
1235 3657 1265 3721 ἕν
1283 3665 1322 3738 τῇ

140 3765 290 3843 Σινιιπιιιῇ
322 3760 375 3826 sal
411 3761 531 3845 Κυπρία
562 3761 615 3826 καὶ
648 3755 845 3839 Ἀντιμάχου
878 3767 1042 3825 ΤΡΩΙΑΟ
1074 3761 1128 3827 σὺν
1158 3762 1201 3844 spi
1233 3771 1257 3826 l.
1285 3764 1324 3836 ὠς

141 3863 314 3942 ,ἵππους
346 3866 386 3931 δὲ
421 3864 609 3948 Τρῳούι.”
645 3868 662 3942 ἦ
697 3864 799 3944 μέντοι
836 3867 915 3941 soccis
948 3875 1099 3932 TPssAC
1131 3871 1170 3941 cic
1206 3871 1323 3948 Κᾶρας.

140 3967 253 4039 Sedulo
285 3974 483 4060 investigent
512 3970 611 4038 libros
640 3977 763 4039 veteres
794 3975 826 4037 et
857 3961 1010 4039 editiones
1040 3979 1078 4039 ut
1108 3975 1210 4040 sciant
1243 3977 1325 4041 sitne

140 4078 318 4144 addendum
350 4088 364 4143 1
395 4099 435 4144 an
465 4098 528 4144 non
560 4081 619 4156 sit,
652 4097 847 4165 quamquam
868 4084 992 4163 poterat
1014 4081 1091 4147 haec
1114 4083 1326 4148 controversia

141 4187 247 4250 minus
279 4184 433 4252 laboriose
467 4187 624 4270 componi.
683 4183 730 4250 De
763 4185 866 4250 forma
900 4185 1002 4268 δμῳαί
1035 4192 1109 4252 sunt
1142 4189 1326 4253 testimonia

141 4291 316 4358 Aristarchi
340 4315 369 4355 r.
397 4290 471 4356 121.
501 4291 652 4368 δμαιῶν
684 4289 738 4354 σὺν
763 4291 804 4370 τῷ
829 4299 844 4353 1
867 4291 919 4356 καὶ
945 4291 1191 4373 περισπωμένας.
1216 4293 1326 4368 θηλα-

141 4397 204 4463 νιὸν
228 4397 293 4478 γαρ
319 4398 390 4466 ists.
416 4422 445 4471 ιι.
471 4395 547 4462 225.
573 4397 666 4475 διχῶς
689 4394 817 4474 δμῶας
842 4397 894 4462 καὶ
919 4398 1053 4481 δμῳάς
1076 4401 1135 4479 (sic
1158 4397 1264 4486 scrib.)
1284 4407 1326 4463 T.

142 4501 214 4570 333.
246 4501 339 4576 οὕτως
365 4504 550 4584 ’Λρίςιιρχοι
583 4501 717 4582 δμῶας
746 4501 802 4578 ἔξω
826 4508 880 4568 τοῦ
905 4512 929 4568 1.
954 4510 987 4569 et
1010 4503 1049 4570 de
1071 4508 1206 4588 utraque
1228 4503 1330 4570 forma

1150 4611 1181 4656 aa
