3308 5090
360 502 483 570 Iterum
514 503 599 572 fallit
629 504 653 572 S
683 507 717 571 in
747 508 867 573 vicinio
895 528 969 596 peg.
1002 505 1079 573 206.
1108 504 1139 572 9.
1163 507 1219 586 θύέ
1243 505 1306 587 γάρ
1329 503 1368 572 ἀν
1391 501 1527 586 φιλούν-

318 609 423 691 ύρωποι
444 611 583 689 γίνοιντο.
621 613 838 702 lnoongruum
858 620 906 680 est
926 613 1078 692 γένοιντοτ
1098 613 1204 678 ridens
1223 615 1308 678 enim
1328 613 1388 678 hoo
1407 611 1523 676 dicit:

316 738 385 780 ποια
412 739 476 782 sero
507 720 623 804 quidem
654 721 726 785 loeo
756 737 854 788 essm
885 738 968 786 mm
994 719 1178 802 ύσούροῖιω,
1202 739 1265 784 non
1286 735 1522 784 insomnem.

314 819 426 908 Itaque
466 827 680 891 revocandum
722 827 806 913 quod
840 830 888 892 est
918 826 953 890 in
988 813 1061 891 eliis
1096 827 1260 891 omnibus:
1296 822 1520 908 φιλάνθρωπσι

317 929 539 1006 γεγονότες
564 927 656 997 είεν.

361 1141 536 1230 Postquam
561 1148 762 1212 enumeravit
786 1147 933 1212 eivitetes
956 1143 1111 1224 Graecas,
1131 1146 1247 1232 quibus
1266 1143 1415 1231 spartani
1433 1165 1518 1232 grs-

315 1247 430 1315 tifioeti
461 1255 564 1317 essent
611 1254 658 1317 ils
687 1253 795 1340 pergit
825 1273 900 1340 pag.
932 1250 1009 1318 206.
1042 1250 1094 1317 12.
1127 1247 1163 1316 ἐν’
1194 1251 1317 1318 ἐπειδάν
1345 1249 1427 1316 ίωσιν
1451 1251 1513 1316 ἐπὶ

314 1357 480 1433 Μεσσήνην
511 1357 598 1422 αύτοῖ
623 1360 870 1438 σνςρατεύωνται
895 1357 1010 1430 πάντες
1034 1357 1166 1444 [αὐτοῖς]
1193 1353 1272 1422 οὗτοι
1296 1357 1348 1422 καί
1372 1356 1510 1435 βοηθῶσι

314 1460 482 1540 προθύμως.
518 1461 652 1530 Reseoto
679 1465 784 1539 αὐτοῖς
807 1464 896 1531 loeus
919 1470 967 1531 est
990 1485 1085 1530 senus
1108 1470 1140 1530 et
1162 1466 1296 1552 integer.

361 1671 513 1759 Sequitur
540 1673 556 1748 ἢ
582 1674 703 1740 δοκῶσιν
727 1676 843 1743 ἀδικεῖν
866 1676 933 1758 περὶ
959 1673 996 1743 ἀν
1020 1673 1145 1761 ἔφασαν
1169 1673 1272 1746 ἐκαςοι
1296 1681 1381 1760 σφῶν
1402 1678 1508 1742 αὐτῶν

316 1774 391 1845 εἶναι
425 1780 615 1863 συμψήφους
642 1782 795 1861 λαβόντες
822 1784 949 1856 ἐκείνους
974 1785 1018 1862 μη
1041 1785 1096 1859 την
1119 1784 1226 1862 θμοίαν
1248 1786 1352 1855 αὐτοῖς
1380 1781 1503 1870 [χάριν]

315 1885 520 1958 ἀποδιδόντες.
567 1886 626 1953 Est
648 1887 770 1974 aliquid
793 1892 876 1956 inter
892 1913 998 1975 parem
1016 1891 1147 1971 ροοίίοινι
1170 1891 1288 1976 referre
1309 1901 1341 1954 et
1353 1913 1415 1973 par
1428 1889 1508 1973 pori

314 1993 439 2078 referre.
486 1992 572 2059 Illud
604 1993 723 2061 Graece
753 1996 872 2061 dieitur
907 1996 1175 2077 ἀντιχαρίζεσθαι,
1210 1996 1270 2062 hoo
1304 1997 1359 2069 την
1395 1993 1505 2070 ὁμοίαν

309 2097 505 2177 ἀποδιδόναι,
538 2102 622 2186 quod
655 2103 730 2187 quie
760 2104 794 2165 in
824 2107 994 2186 utramque
1024 2106 1147 2187 partem
1179 2103 1263 2167 trahi
1286 2104 1391 2188 potest
1413 2099 1504 2165 eliud

312 2206 389 2291 quid
412 2226 509 2290 quem
526 2206 619 2288 χάριν
639 2212 686 2295 est
704 2208 873 2295 cogitando
892 2207 1115 2294 supplendum.
1150 2206 1331 2273 Herodotus
1352 2202 1406 2270 IV.
1423 2203 1500 2270 119.

314 2311 401 2389 ὑμεῖς
425 2311 628 2391 ἐπεκρατέετε
651 2315 787 2393 Περσέων
811 2313 863 2378 καῖ
887 2315 991 2381 ἐκεῖνοι
1013 2316 1069 2388 τῖρν
1092 2313 1195 2392 θμοίην
1220 2314 1289 2391 ὑμῖν
1315 2311 1499 2378 ἀποδιδοῦσι.

313 2415 367 2481 VI.
392 2415 446 2482 21.
475 2419 603 2483 παθοῦσι
627 2419 657 2483 δέ
681 2425 787 2486 ταῦτα
812 2422 988 2494 Μιλησίοισι
1013 2422 1083 2501 τρίς
1110 2419 1245 2498 Περσέων
1269 2419 1323 2484 οὐκ
1345 2418 1500 2484 ἀπέδοσαν

312 2524 368 2596 την
392 2523 494 2599 ὁμοίην
518 2525 705 2605 Συβαρῖται.
729 2525 782 2590 Vl.
809 2524 862 2592 62.
887 2527 942 2601 την
966 2529 1069 2606 ὁμοίην
1089 2525 1221 2604 διδθναι,
1243 2529 1363 2611 etpost
1382 2542 1498 2611 peuce:

312 2627 368 2693 τῖιν
399 2629 503 2706 ὁμοίην
532 2629 645 2711 ζητέων
675 2630 819 2712 φέρεσθαι
851 2635 925 2713 παρ’
953 2633 1076 2698 ἐκείνου.
1124 2632 1245 2697 Eodem
1267 2631 1361 2696 modo
1384 2631 1501 2696 dieitur

311 2735 478 2800 ιοοίοίούωα
498 2736 620 2818 ιἰιιιροιο
638 2737 687 2802 ἐπ’
708 2737 757 2819 ῖση
775 2761 810 2802 τε
829 2731 883 2803 καί
897 2739 1000 2821 ὁμοίη,
1013 2745 1045 2804 et
1056 2739 1202 2824 frequens
1213 2740 1248 2802 in
1259 2739 1366 2804 Attice
1378 2756 1501 2822 quoqne

313 2839 363 2905 ἐπ’
386 2839 464 2916 ίσης.
511 2840 697 2908 Iubebimns
720 2845 822 2930 igitur
845 2845 981 2911 sciolum
1004 2867 1099 2911 snum
1122 2845 1214 2925 χάριν
1238 2845 1300 2910 sibi
1323 2844 1447 2910 hebere.

356 3055 456 3122 Plene
489 3059 642 3122 assentior
671 3056 815 3123 Dobreeo
846 3078 919 3146 peg.
952 3057 1029 3124 206.
1065 3054 1116 3121 16.
1153 3055 1213 3135 ἐγὼ
1245 3055 1276 3121 δέ
1307 3053 1414 3135 νομίζω
1445 3055 1500 3130 την

313 3159 401 3227 πύλιν
434 3161 486 3226 καῖ
516 3163 609 3244 χωρίς
642 3168 695 3228 τοῦ
724 3164 910 3244 καθυΦεῖναί
928 3187 1015 3236 τινας
1039 3162 1293 3242 Λακεδαιμονίοις
1317 3159 1496 3250 [Ἂρκάδων]

310 3267 454 3347 Ὠρωπὸν
487 3267 525 3333 ἀν
553 3270 757 3347 κομίσασθαι.
783 3269 913 3335 evidens
937 3270 1192 3336 additamentum
1215 3267 1395 3354 expellenti.
1422 3268 1499 3345 „imo

310 3375 347 3438 de
377 3375 537 3440 Μωιςαῖιζι
568 3374 696 3457 ορῖοασ”.
728 3377 843 3460 inquit.
891 3374 971 3441 Vide
995 3381 1027 3440 et
1057 3377 1207 3442 absonam
1238 3377 1498 3461 compositionem

309 3481 396 3554 τινάς
420 3482 674 3560 Λακεδαιμονίοις
699 3481 865 3562 Ἀρκάδοιν.

354 3694 427 3759 Non
456 3693 573 3760 inutile
603 3698 651 3758 est
681 3695 932 3760 animadvertere
965 3692 1135 3760 sciolorum
1163 3693 1356 3760 emblemate
1378 3695 1499 3779 possim

309 3798 480 3866 meliorum
505 3799 661 3864 librorum
686 3801 877 3865 testimoniis
902 3798 1060 3866 damnate.
1097 3800 1155 3865 Est
1174 3799 1373 3866 luculentum
1394 3819 1500 3864 exem·

308 3905 399 3992 plum
433 3907 467 3969 in
497 3907 617 3971 vicinis
648 3926 723 3992 pag.
753 3903 830 3970 906.
856 3903 908 3969 18.
933 3905 985 3970 καί
1009 3907 1082 3983 μετ’
1106 3908 1240 3984 ἐκείνων,
1266 3904 1304 3971 ἀν
1326 3907 1369 3970 τά
1393 3905 1500 3971 δίκαιον

309 4019 402 4077 ποιεῖν
434 4011 574 4088 ἐθέλωσι,
607 4011 658 4075 καί
692 4011 777 4089 μετά
810 4017 869 4074 τῶν
903 4008 1018 4077 ἀλλων.
1069 4014 1283 4078 Annotaverat
1314 4011 1430 4096 aliquis
1463 4014 1499 4077 in

308 4119 453 4205 margine
484 4123 557 4193 μετ’
589 4117 705 4182 ἐκείνων
735 4137 801 4182 esee
833 4116 1019 4195 βοηθούντων
1043 4118 1198 4197 (ἐκείνων).
1246 4117 1345 4184 Recte
1367 4117 1498 4202 quidem

308 4225 451 4308 quisquis
483 4229 546 4300 est,
578 4223 633 4288 sed
665 4224 736 4307 quis
760 4222 889 4287 tandem
915 4223 993 4289 telis
1015 4223 1132 4290 nescit?
1178 4223 1270 4290 Nune
1292 4225 1327 4288 in
1350 4224 1498 4290 omnibus

307 4329 399 4393 libris
428 4335 553 4414 praeter
582 4327 772 4415 S'legitur:
802 4327 854 4393 καί
880 4332 952 4406 μετ’
978 4329 1116 4408 ἐκείνων,
1144 4328 1182 4396 ἀν
1206 4331 1249 4396 τά
1272 4329 1378 4395 δίκαια
1402 4337 1498 4396 ποιεῖν

309 4433 430 4500 ἐύέλωσι
454 4433 709 4518 βοηθούντων
732 4434 784 4500 καί
809 4435 895 4514 μετά
918 4442 976 4502 τῶν
1000 4433 1115 4505 ἀλλων.
