3296 5104
177 601 361 666 ποιεῖσθΑῙ.
385 601 587 674 σοιῆσεσῖΑΙ.
606 599 802 675 σοιιὶσιισῖΑΙ
820 636 858 650 -
872 603 1027 669 ποιεῖσθε.
1047 605 1227 679 ποιήσεσθε.
1251 602 1336 680 κοινᾷ·
1446 675 1450 682 ,

128 724 253 787 carde·

179 842 290 923 Quum
322 846 365 909 sit
401 843 512 910 eadem
543 843 719 910 formarum
748 849 886 913 varietas
911 850 945 912 in
970 868 1160 936 unoquoque
1183 851 1280 918 verbo
1303 854 1336 916 et

130 968 264 1029 tanturn
288 985 353 1031 non
374 965 495 1050 ubique
519 987 594 1032 rara
617 965 712 1033 lectio
735 971 901 1056 perspicua
924 976 956 1036 et
978 977 1064 1037 certa
1086 975 1146 1048 sit,
1170 971 1263 1038 facile
1286 977 1335 1039 est

129 1087 175 1151 sd
206 1084 459 1175 intelligendum
489 1094 641 1175 quantam
665 1093 823 1155 sentinam
845 1091 988 1158 sordium
1011 1099 1044 1159 et
1065 1097 1257 1180 ineptiarum
1282 1095 1333 1160 his

133 1209 271 1274 abiectis
292 1208 506 1274 exhausturus
529 1212 583 1276 sis.
620 1210 751 1276 Accedit
775 1213 859 1298 quod
882 1215 1000 1280 formes
1017 1218 1101 1280 inter
1119 1237 1153 1281 se
1171 1219 1332 1305 miscendo

132 1331 278 1397 multam
313 1332 494 1397 barbariem
528 1335 668 1422 gignunt
702 1334 894 1414 σεισώμεῖο,
933 1335 1116 1422 Φεύξωμοιι,
1148 1335 1334 1420 ἀφέξομαι,

137 1452 288 1537 esacrae,
312 1455 408 1538 λήσρ,
433 1454 566 1532 λιῖσωσι,
594 1454 657 1521 alia
679 1463 842 1542 sexcenta,
867 1479 947 1543 quae
969 1479 1070 1544 neque
1093 1460 1211 1526 scribas
1233 1479 1335 1544 neque

138 1583 328 1642 comestores
360 1575 530 1642 offendunt.
578 1575 615 1642 In
646 1578 697 1644 his
729 1580 876 1645 omnibus
906 1583 1009 1668 igitur
1030 1583 1125 1666 periti
1146 1580 1274 1646 lactoris
1295 1579 1335 1646 li-

136 1697 217 1763 bera
250 1700 337 1784 optio
373 1703 437 1774 est,
473 1704 506 1764 et
540 1699 617 1784 quid
651 1703 694 1764 sit
728 1701 846 1786 ubique
878 1723 992 1768 verum
1023 1723 1062 1767 ex
1092 1702 1228 1790 singulis
1254 1701 1333 1768 locis

139 1819 261 1904 liquido
296 1819 471 1907 colligitur.
520 1819 605 1901 Quid
640 1841 716 1909 ergo
751 1825 866 1888 attinet
899 1826 979 1889 scire
1014 1825 1090 1909 quid
1124 1823 1332 1890 dormitantes

142 1943 260 2007 scribas
293 1943 328 2006 in
359 1939 457 2006 Oodd.
489 1942 528 2006 A.
559 1941 599 2008 Β.
630 1939 665 2008 Ο.
690 1943 733 2009 Ι).
758 1943 795 2008 Ε.
820 1943 856 2010 F·
881 1941 921 2010 G.
947 1951 1002 2010 aut
1025 1945 1167 2010 dederint
1189 1951 1245 2009 aut
1269 1964 1332 2009 non

144 2060 307 2129 dederint?
353 2063 391 2127 In
421 2063 567 2128 Midicca
598 2061 721 2151 legitur
750 2085 821 2151 pag.
857 2063 932 2130 579.
966 2063 1019 2130 28.
1051 2067 1107 2143 ἐμὲ
1141 2063 1236 2128 οἴεσθε
1262 2065 1334 2141 ὑμῖν

145 2186 298 2260 εἰσοίσειν,
335 2187 422 2262 ὑμεῖς
458 2185 488 2249 δὲ
527 2187 694 2263 reparasse
730 2187 786 2263 ἕριὲ
820 2189 1066 2266 τριηραρχήσειν,
1105 2187 1192 2264 ὑμεῖς
1227 2187 1252 2251 δ’
1279 2187 1333 2250 οὐκ

147 2308 347 2385 iudicent&
383 2305 437 2372 Sic
467 2325 576 2372 omnes
609 2307 649 2372 ad
674 2328 776 2372 unum
800 2311 916 2393 optimi
938 2311 1086 2394 pessimi:
1110 2313 1197 2373 estne
1220 2326 1335 2392 quaeso

145 2430 325 2494 testimonio
358 2448 437 2514 opus
468 2433 505 2493 ut
536 2433 620 2494 certo
643 2431 723 2494 scias
745 2431 912 2506 νεμεῖσῖλλ
938 2436 970 2496 et
994 2430 1197 2508 ἐμβήσεσῖλῖ
1219 2427 1335 2494 Demo-

145 2551 286 2616 sthenem
323 2547 461 2616 dixisse'l
506 2548 600 2616 Solus
636 2555 744 2616 contra
777 2557 887 2636 peccat
923 2550 945 2616 S
975 2573 1049 2640 pag.
1083 2547 1158 2617 130.
1192 2547 1222 2614 4.
1255 2550 1280 2614 sl
1306 2548 1332 2613 δ’

145 2671 236 2738 οἴεσθε
262 2671 438 2742 Χαλκιδέας
462 2672 516 2746 τὴν
542 2672 685 2737 Ἐλλάδα
709 2678 835 2750 σώσειν,
861 2673 948 2750 ὑμεῖς
973 2671 999 2738 δ’
1022 2672 1258 2754 ecclesiaste,
1281 2673 1334 2736 οὐκ

145 2795 227 2874 ὀρθῶς
254 2793 358 2859 οἴεσθε.

189 2914 347 2982 Similiter
369 2919 499 2981 suntin
523 2916 671 2982 omnibus
695 2918 841 2984 omnium
865 2914 1035 2983 (lodicibus
1057 2921 1160 2982 certae
1180 2914 1335 3000 quaedam

145 3045 176 3104 et
206 3045 377 3125 perpetuae
408 3038 578 3104 verborum
602 3038 815 3115 confusiones,
840 3039 897 3104 ubi
918 3057 1011 3104 nemo
1034 3042 1190 3123 punctum
1213 3043 1336 3121 tempo·

146 3163 186 3226 ris
216 3161 254 3227 de
282 3182 358 3227 vara
382 3159 516 3226 lectione
540 3159 716 3238 dubitabit,
743 3160 798 3225 scd
821 3161 1141 3253 mirabiturtantum
1164 3158 1281 3223 scribas
1303 3161 1337 3222 et

146 3287 330 3349 correctores
366 3281 448 3347 nibil
481 3285 612 3347 omnino
647 3285 804 3369 cogitare,
842 3281 925 3347 nihil
959 3283 1085 3347 sentire.
1138 3279 1186 3344 De
1216 3299 1336 3366 magno

146 3424 254 3470 acervo
285 3424 387 3490 pauca
416 3403 494 3469 haec
525 3403 611 3470 vide.
658 3401 903 3470 Confunduntur
926 3403 1045 3490 ubique
1068 3403 1167 3467 etiam
1189 3403 1223 3466 iu
1245 3400 1337 3470 libris

145 3527 440 3611 praestantissimis:

186 3646 374 3725 ιἰδικιὶσοριοιι
388 3685 429 3695 -
443 3649 665 3726 dornatiacum
690 3653 723 3715 et
747 3651 820 3713 sim.

187 3771 368 3834 οῖσοκσενεῖν
380 3807 421 3817 -
434 3771 623 3835 ἀποκτείνειν
648 3775 680 3836 et
704 3769 825 3836 similia
851 3772 959 3835 omnia
978 3773 1012 3834 in
1031 3770 1137 3835 verbis
1156 3770 1335 3857 liquidatis‚

146 3891 318 3970 ιὶγγὲλλειν
330 3928 373 3938 -
386 3892 558 3976 ἀγγελεῖν,
590 3891 724 3970 βοῖλλειν
738 3931 780 3942 -
794 3892 907 3970 βαλεῖν
934 3897 993 3956 oet.
1021 3896 1054 3957 et
1079 3894 1115 3957 in
1136 3894 1178 3956 iis
1200 3912 1280 3979 quae
1302 3893 1337 3956 in

146 4015 252 4089 -so'o‚
287 4011 428 4088 -εὐομοιι
461 4020 578 4079 exeunt
604 4015 794 4093 secretiorem
825 4035 881 4099 pro
911 4013 1145 4091 secretiorum,
1177 4013 1336 4089 βουλεύειν

145 4157 198 4221 pro
221 4133 401 4212 βουλεύσειν
427 4140 486 4200 cet.
533 4134 643 4200 Unum
666 4135 848 4222 exemplum
872 4135 946 4201 vide
968 4156 1043 4222 pag.
1068 4131 1122 4199 95.
1150 4131 1202 4198 19.
1225 4137 1251 4199 εῖ
1273 4137 1337 4217 γὰρ

146 4258 225 4335 μήτε
267 4265 489 4322 ΕΙΕΟΙΟΕΤΕ
519 4259 600 4334 μήτε
631 4258 717 4323 οὗτοὶ
748 4265 994 4338 ςριιτΕΤΕΕΘΕ
1027 4257 1110 4334 μήτε
1145 4263 1203 4320 τῶν
1237 4262 1337 4324 κοινῶν

147 4376 354 4460 οῖφέξεοθθ.
399 4375 579 4444 Recurrunt
599 4379 678 4445 talia
698 4382 828 4466 passim.

7 4452 9 4480 l

7 4481 9 4611 ]
193 4501 344 4568 ιὶσδλοιλοι
360 4537 401 4548 -
414 4499 600 4566 ἀπολώλεκε
615 4540 657 4550 -
671 4500 862 4567 duellione.
