3356 5086
894 371 960 438 258

336 565 480 630 dixerant
503 582 558 648 pro
581 565 634 627 νῶϊ
654 567 734 628 teste
757 559 926 647 Apollonio
948 560 1027 626 ibid.
1049 581 1124 647 pag.
1150 555 1227 624 113.
1251 575 1282 622 a.
1324 554 1528 624 Commemo-

334 675 384 737 ret
406 669 481 734 ibid.
522 667 710 753 Apollonius
733 688 786 732 eos
810 669 865 752 qui
888 667 935 740 τίς
961 664 1019 744 aaa
1044 669 1128 746 οφοϊ
1149 665 1317 732 servabant
1338 684 1395 748 pro
1418 671 1527 749 σφωε,

334 775 390 840 sed
419 779 502 840 recte
531 794 642 839 eorum
664 773 859 840 ratiunculas
883 772 1079 849 confutavit,
1105 792 1185 857 quae
1208 771 1370 836 neminem
1393 771 1528 855 posthac

334 882 368 952 in
391 880 623 946 dubitationem
642 880 847 945 induxerunt.

225 1027 228 1032 -
380 985 438 1050 Hst
460 987 494 1049 in
517 985 629 1050 eodem
651 1005 767 1072 genere
790 987 889 1050 etiam
912 985 1043 1071 gratim
1066 983 1220 1050 meadum
1243 984 1276 1047 in
1299 981 1435 1048 Homeri
1463 978 1527 1050 Go-

336 1090 459 1156 dicibus
484 1100 522 1156 0.
550 1089 625 1156 155.

538 1198 579 1261 τὼ
602 1196 634 1261 δὲ
658 1195 774 1276 πάροιθ’
800 1194 919 1260 ἐλθόντε
947 1195 1019 1268 Διὸς
1044 1194 1291 1277 νεφεληγερέταο

538 1301 651 1377 sirac·
675 1300 743 1367 ocal
767 1308 882 1384 σφωΙΝ
908 1301 975 1368 ἰδὼν
999 1301 1179 1384 ἐχολώσατο
1203 1301 1298 1380 θυμῷ.

336 1428 392 1494 pro
423 1410 517 1473 tertia
546 1428 678 1494 persona
699 1409 828 1470 remanda
851 1410 996 1492 ponitur,
1020 1428 1077 1494 pro
1100 1410 1279 1474 accusativo
1298 1407 1450 1491 penitiora
1472 1409 1525 1474 vel

337 1515 457 1578 οοιὲοοο
484 1521 516 1578 et
547 1512 757 1578 Homericum
788 1510 869 1577 nac
899 1516 932 1578 in
965 1513 1032 1578 ἰδών
1061 1519 1213 1580 mutatur·
1230 1519 1296 1580 tam
1320 1535 1468 1601 perverse
1489 1536 1526 1580 ec

336 1623 364 1684 si
386 1623 458 1704 quis
480 1619 594 1684 Latine
617 1639 673 1703 pro
703 1617 810 1682 Videre
832 1618 944 1684 mallet
967 1620 1057 1684 Iam
1079 1619 1193 1685 dicere
1239 1618 1357 1686 Omnes
1379 1620 1438 1685 has
1457 1641 1525 1686 mo

336 1725 444 1790 destina
474 1726 601 1809 penitus
633 1723 765 1790 sustulit
795 1723 917 1812 Heynii
947 1725 1126 1790 emendatio
1157 1723 1223 1790 οὐδέ
1246 1733 1345 1807 noce
1362 1724 1463 1798 reida,
1488 1730 1526 1792 ut

336 1829 427 1895 Iliad.
451 1848 483 1898 λ.
510 1828 586 1896 330.

563 1938 624 2003 οὐδ’
648 1935 708 2018 ἄρα
732 1937 773 2002 τώ
798 1962 837 2014 γε
861 1936 942 2002 reddo
965 1938 1098 2015 γήθησεν
1124 1937 1307 2016 Ἀχιλλεύς.

379 2043 452 2108 Non
481 2048 529 2108 est
559 2043 619 2109 hoc
650 2044 803 2109 mendum
833 2046 1021 2128 antiquum,
1051 2045 1106 2110 sed
1128 2046 1162 2110 in
1184 2043 1276 2110 libris
1297 2045 1525 2112 recentioribus

335 2153 448 2213 natum
471 2170 572 2234 quum
595 2155 718 2215 veteres
741 2155 839 2230 σφωε
861 2149 927 2213 ἰδών
952 2150 1144 2215 exhiberent.
1184 2149 1437 2216 Innumerabiles
1460 2150 1525 2216 Ho

336 2257 418 2320 meri
438 2275 549 2322 versus
569 2259 604 2320 in
628 2257 766 2340 antiquis
791 2253 927 2322 Scholiis
950 2262 1007 2320 aut
1029 2255 1154 2321 Lexicis
1177 2262 1234 2322 aut
1256 2256 1339 2340 apud
1358 2259 1526 2342 scrIptores

335 2366 458 2426 veteres
482 2360 671 2438 atteruntur,
696 2367 733 2426 ut
753 2367 838 2426 certa
858 2365 899 2426 sit
918 2364 952 2426 in
971 2363 1012 2427 iis
1032 2361 1262 2427 Alexandrinae
1282 2366 1395 2428 aetatis
1414 2361 1525 2430 lectio:

335 2467 390 2531 sed
419 2466 573 2551 permulti
602 2471 677 2531 sunt
708 2466 778 2544 ulii,
810 2487 887 2552 quos
918 2487 1012 2532 nemo
1033 2466 1192 2545 laudavit,
1216 2470 1251 2531 in
1275 2468 1390 2553 quibus
1413 2468 1527 2534 eedem

335 2571 492 2638 scribendi
510 2574 591 2638 vitia
610 2593 690 2657 qnae
709 2575 745 2636 in
764 2575 895 2638 caeteris
913 2555 1120 2658 scriptoribus
1139 2593 1174 2637 ac
1194 2576 1296 2656 poetis
1310 2593 1367 2639 nos
1382 2573 1527 2661 legentes

334 2675 552 2754 luditicantnr,
586 2684 619 2743 et
641 2681 676 2741 in
697 2678 748 2742 bie
773 2680 958 2763 turpissima
982 2678 1145 2763 quaedam·
1161 2682 1193 2742 et
1216 2678 1367 2753 barbara.
1393 2679 1433 2745 de
1456 2684 1527 2766 qui·

335 2782 394 2848 bus
417 2781 499 2847 alius
522 2783 649 2847 dabitur
673 2783 799 2850 dicendi
823 2783 923 2848 loeus.

381 2887 481 2953 Venio
510 2910 595 2953 uunc
626 2887 665 2952 ad
696 2888 873 2954 Aristarchi
896 2909 1033 2956 errorem
1060 2891 1095 2953 in
1119 2889 1237 2955 talibus
1261 2893 1472 2956 commissum
1495 2899 1528 2958 et

336 2994 375 3060 ad
406 2999 513 3060 nostra
541 2999 685 3078 tempora
708 3001 939 3082 propagatum,
963 3015 1059 3080 quem
1082 2999 1110 3060 si
1132 3000 1241 3081 potero
1263 2996 1416 3062 radicitus
1440 2997 1527 3064 evel-

334 3098 410 3166 lam.
436 3099 638 3166 Aristarchus
650 3100 845 3187 pervulgato
864 3100 1020 3177 librorum
1041 3121 1143 3166 errore
1163 3101 1313 3187 deceptus
1327 3105 1361 3166 in
1379 3105 1527 3168 animum

335 3205 464 3270 induxit
485 3213 553 3270 ΝΩ
577 3210 609 3270 et
634 3214 721 3270 con
747 3209 892 3291 antiquae
913 3211 946 3272 et
967 3209 1103 3272 sinceres
1123 3208 1240 3274 formas
1260 3228 1326 3272 esse
1346 3213 1379 3273 et
1397 3209 1528 3293 perinde

335 3313 414 3378 bene
439 3313 472 3376 in
495 3311 688 3376 carminIbus
710 3309 845 3377 Homeri
864 3319 897 3378 et
919 3311 1093 3399 disyllabos
1116 3313 1234 3378 formas
1257 3321 1341 3380 Nm
1368 3319 1400 3378 et
1421 3322 1526 3381 conl

335 3420 411 3503 poni
434 3421 466 3482 et
488 3415 723 3503 monosyllabas
746 3425 815 3482 ΝΩ
840 3423 871 3482 et
897 3425 997 3483 (ΖΦΩ.

382 3523 476 3608 Apud
507 3543 560 3588 me
588 3525 665 3588 satis
688 3528 810 3591 constat
833 3523 951 3590 formas
975 3525 1011 3588 νώ
1035 3529 1067 3590 et
1088 3525 1158 3604 σφώ
1182 3525 1268 3611 apud
1290 3524 1470 3592 Homerum
1493 3534 1526 3594 et

335 3631 459 3696 Atticos
489 3628 607 3712 ubique
638 3649 704 3693 esse
729 3629 862 3694 vitiosas
885 3629 1043 3696 tralaticio
1067 3629 1124 3696 illo
1147 3632 1256 3697 mendi
1280 3651 1416 3719 genere,
1442 3634 1527 3718 quod

333 3738 369 3801 in
391 3732 554 3800 vocabulis
571 3732 720 3818 plurimis
741 3737 914 3800 sexcenties
934 3735 1016 3821 apud
1038 3757 1148 3801 omnes
1167 3739 1298 3823 Impune
1315 3741 1524 3804 commissum

334 3863 401 3908 esse
430 3845 464 3905 et
494 3841 655 3904 committi
688 3840 789 3906 video.
837 3839 961 3926 Nempe
987 3845 1023 3906 in
1045 3840 1137 3908 libris
1160 3844 1301 3927 antiquis
1323 3843 1359 3907 τὸ
1383 3866 1523 3922 eupsyc-

334 3944 513 4029 ypapptvcc
544 3947 621 4008 ἱῶτοο
650 3966 713 4010 non
736 3943 829 4010 aliter
853 3966 950 4031 quam
972 3949 1005 4012 in
1029 3950 1089 4030 iis,
1113 3967 1190 4033 quos
1214 3947 1307 4014 hodie
1330 3970 1392 4015 non
1416 3949 1524 4016 admo·

334 4055 413 4129 dum
434 4056 578 4118 vetustos
600 4050 771 4126 habemns,
792 4070 855 4116 non
876 4051 1028 4137 adscribi,
1051 4053 1106 4118 sed
1125 4073 1252 4138 prorsus
1273 4057 1381 4120 omitti
1393 4055 1523 4124 solebat.

332 4159 444 4244 Itaque
473 4177 530 4243 pro
560 4156 789 4243 monosyllabis
821 4155 857 4238 νῴ
891 4163 923 4223 et
949 4159 1018 4242 οφῴ
1045 4159 1243 4225 scribebatur
1266 4168 1333 4226 ΝΩ
1358 4166 1389 4226 et
1416 4170 1523 4246 ΕΦΩ,

333 4265 429 4349 idque
459 4262 680 4328 Aristarchum
712 4261 843 4339 fefellit,
878 4267 933 4350 qui
964 4266 1082 4332 formas
1112 4270 1149 4331 νώ
1183 4270 1216 4332 et
1238 4265 1307 4346 σφώ
1330 4269 1471 4354 integras
1493 4274 1526 4333 et

336 4369 449 4456 probas
468 4389 534 4434 esse
553 4370 699 4452 opinatus
719 4374 776 4434 est.
812 4367 1022 4454 Inspiciamus
1040 4374 1185 4457 primum
1205 4393 1259 4450 ea,
1278 4393 1358 4458 quae
1378 4394 1417 4438 ex
1434 4373 1524 4439 illins

335 4476 571 4541 commentariis
594 4475 634 4540 ad
656 4480 796 4544 nostram
820 4476 970 4557 notitiam
994 4483 1215 4563 pervenerunt.
1263 4477 1357 4544 Iliad.
1383 4487 1419 4544 E.
1444 4477 1521 4544 218.
