3296 5104
694 369 736 443 37

118 561 292 630 substituit
315 561 354 630 de
376 565 493 632 nihilo:
519 567 674 646 προσθιίσω
698 566 730 632 δὲ
755 569 808 634 καί
831 579 894 644 τοῖς
913 572 944 636 ἐν
961 581 999 656 τῇ
1020 570 1109 638 πθλει
1130 564 1312 658 (θεοῖςόίπερ

118 671 215 736 αὐτὸν
249 667 455 759 ἐξολέσειαν),
491 671 584 738 οὐδενὶ
617 673 720 751 μέντοι
751 679 874 753 μάλλον
903 679 968 745 κτὲ.
1013 677 1124 764 Itaque
1149 679 1188 744 ab
1211 679 1262 744 his
1285 679 1311 743 οί

117 777 332 854 θεολονοῖιντες
357 779 535 844 abstineant
555 799 697 845 1111111111.

162 989 246 1079 Pag.
273 989 347 1056 135.
373 991 405 1057 2.
430 989 494 1070 ἥξει
516 990 625 1060 πάυτα
653 994 696 1060 τά
722 999 772 1059 νῦν
795 995 995 1076 βεβιασμένα
1017 1019 1112 1086 supra
1133 1019 1207 1088 pag.
1233 996 1307 1064 100.

112 1097 166 1269 12ᾧ
167 1097 230 1268 urs-rt
266 1101 317 1162 νῦν
352 1097 646 1178 erumnarum
681 1103 806 1168 vitiose.
852 1102 971 1170 Nullus
1000 1105 1054 1172 hic
1085 1105 1310 1191 praepositioni

162 1413 244 1503 Pag.
259 1413 335 1480 135.
351 1417 382 1480 4.
407 1416 457 1486 tra
481 1417 545 1498 γάρ
569 1421 656 1496 ὑμεῖς
680 1420 733 1484 οὐκ
756 1417 844 1486 αὐτοί
868 1429 1092 1498 πλεονεκτῆσαι
1123 1422 1176 1488 καὶ
1210 1446 1310 1488 κατα-

113 1528 210 1604 σχεῖν
230 1522 330 1604 ἀρχὶρν
349 1519 384 1588 εὖ
408 1523 584 1604 πεφυιάτες
607 1525 683 1589 ἀλλ’
706 1521 804 1607 ἕτερον
827 1527 942 1606 λαβεῖν
964 1534 1103 1595 κωλῦσαι
1124 1529 1177 1594 καί
1203 1527 1307 1612 ἔχοντ’

114 1625 294 1708 ἀφελέσθαι
315 1628 367 1693 καί
391 1625 467 1702 ὅλως
491 1631 659 1711 ἐνοχλῆσαι
683 1637 745 1704 τοῖς
766 1629 875 1714 ἄρχειν
896 1631 1091 1713 βουλομένας
1112 1635 1164 1701 καὶ
1183 1634 1306 1707 πάντας

114 1733 287 1815 ἀνθρώπους
312 1735 353 1806 είς
379 1735 548 1812 ἐλευθερίαν
574 1737 730 1812 ἐξελέσθαι
753 1737 850 1805 δεινοί.
886 1738 1007 1806 Eadem
1030 1761 1125 1828 supra
1144 1738 1307 1831 pag.100.

117 1840 149 1904 4.
174 1840 306 1906 1111καῖ
330 1838 433 1922 ἔχοντ’
458 1840 631 1922 ἀφελέσθαι
657 1842 779 1908 δεινοὶ
803 1845 900 1916 -ωείς
926 1845 1095 1927 ἐλευθερίαν
1115 1847 1307 1912 ἈΦελέσθαι

115 1943 298 2024 ἕτοιμοι,
323 1967 403 2032 quae
425 1947 560 2014 meliore
582 1954 674 2026 sunt,
699 1949 754 2014 eed
777 1947 936 2025 ἐξελέσθαι
959 1953 1000 2018 ob
1019 1953 1207 2039 praecedens
1227 1954 1307 2034 ἀφε-

114 2051 224 2118 λέσθαι
247 2054 460 2131 retinendum,
484 2074 678 2140 quamquem
702 2059 827 2142 proprie
850 2057 1021 2130 diciturrtr
1037 2059 1208 2138 ἐλευθερίαν
1228 2063 1307 2138 ἀφε·

114 2159 224 2224 λέσθαι
245 2165 278 2226 11
301 2161 318 2235 ἦ
343 2160 385 2232 εῖς
409 2159 579 2241 ἐλευθερίαν
610 2161 776 2243 ἀφαίρεσις
801 2165 829 2227 si
852 2165 924 2248 quis
949 2184 1045 2249 quern
1067 2165 1101 2228 in
1123 2162 1306 2229 libertatem

113 2265 267 2334 vindicet.

159 2478 239 2566 Peg.
266 2477 331 2544 135
372 2478 426 2544 11.
462 2485 576 2561 πρῶτον
609 2480 666 2556 μὲν
701 2480 736 2555 δὴ
771 2485 861 2546 τοῦτο
893 2481 940 2547 δεῖ
964 2479 1070 2564 ἐχθρὸν
1100 2481 1304 2564 ὑπειληφέναι

113 2591 169 2658 τοῖς
189 2585 350 2658 πολιτείας
369 2585 436 2672 [καὶ
454 2593 511 2660 τῆς
530 2585 751 2673 δημοκρατίας]
775 2585 988 2653 ἀδιάλλακτον
1008 2589 1128 2654 ἐκεῖνον.
1157 2587 1304 2655 'lotidem

112 2692 219 2758 verbis
248 2713 344 2778 supra
374 2711 447 2779 pag.
475 2690 550 2756 100.
577 2689 629 2756 12.
677 2690 756 2772 Quis
788 2697 898 2758 temen
934 2694 1115 2760 admonitus
1148 2701 1305 2781 punctum

112 2800 265 2883 temporis
300 2797 461 2863 dubitabit
492 2795 646 2863 stolidum
679 2797 840 2863 emblema
870 2797 1048 2885 erpellere?
1094 2799 1174 2880 Quis
1204 2805 1305 2867 nescit

112 2904 251 2972 ἀττικιςί
278 2923 359 2989 quae
383 2904 513 2969 neoterio
537 2905 554 2978 ἦ
579 2902 772 2983 δημοκρατία
795 2903 914 2970 dieitur
935 2905 991 2978 τὴν
1014 2906 1174 2971 πολιτείαν
1197 2905 1302 2993 appel·

110 3008 172 3074 leri
202 3007 660 3076 1111111111111111111111
691 3009 857 3095 pueriliter
886 3009 1042 3097 copulata.
1090 3010 1174 3092 Quid
1203 3015 1238 3078 in
1268 3034 1302 3079 re
1405 3047 1406 3050 ¹

110 3120 186 3181 nota
217 3119 314 3182 testes
343 3112 537 3201 producam?
569 3115 655 3181 Audi
678 3119 786 3181 temen
809 3114 1093 3202 Harpocratiouem
1115 3116 1151 3182 V.
1178 3127 1300 3184 Πολι-

109 3221 222 3287 τείατ
246 3221 326 3295 ἰδίως
350 3222 470 3287 είθθατι
493 3222 535 3303 τῷ
561 3219 689 3298 ὀνόματι
710 3222 844 3304 χρῆσθαι
869 3223 894 3287 οί
917 3224 1034 3303 ῥήτορες
1059 3222 1109 3287 ἐπί
1134 3231 1189 3299 τῆς
1209 3224 1300 3303 δημο·

109 3327 257 3408 κρατίας,
286 3332 319 3394 11
347 3327 399 3394 vel
429 3327 515 3392 huno
537 3348 641 3392 unum
663 3327 888 3394 Demosthenis
910 3328 1018 3395 locum
1040 3330 1160 3416 inspice
1182 3333 1216 3396 in
1239 3351 1302 3417 quo

109 3454 277 3500 versemur
297 3455 371 3523 pag.
397 3431 449 3499 99.
477 3432 520 3500 26
545 3431 636 3516 (134.
664 3433 720 3519 15)
750 3433 843 3500 οὐδενί
872 3434 977 3514 μέντοι
999 3437 1121 3512 μάλλον
1145 3436 1162 3512 ἢ
1184 3447 1224 3520 τῇ
1248 3462 1300 3504 πο-

107 3540 212 3624 λιτεία
249 3547 384 3619 πολεμεῖ
405 3577 446 3588 -
471 3540 524 3605 καί
561 3547 674 3605 σκοπεῖ
703 3546 767 3612 πῶς
802 3539 919 3615 ταύτην
950 3541 1135 3607 καταλύσει.
1167 3553 1200 3608 11
1228 3551 1301 3629 post

107 3666 209 3731 panea
242 3665 317 3733 pag.
344 3641 397 3710 99.
423 3643 477 3711 99.
512 3642 575 3711 οἶδε
609 3645 672 3727 γάρ
701 3647 834 3727 ἀκριβῶς
865 3642 911 3712 ὅτι
936 3683 977 3694 -
1004 3645 1085 3711 οὐδὲν
1116 3644 1184 3714 ἔται
1216 3649 1299 3730 αὐτῷ

107 3751 249 3830 βεβαίως
275 3750 360 3833 ἔχειν
383 3747 437 3824 ἕως
461 3751 500 3816 ἀν
524 3753 612 3831 ὑμεῖς
636 3751 873 3832 δημοκρατῆσθε.
921 3751 1034 3838 Itaque
1056 3754 1112 3838 qui
1134 3759 1190 3826 τοῖς
1210 3753 1299 3833 δημο·

107 3858 241 3939 κρατίας
264 3860 401 3924 retinere
423 3857 511 3928 volet
533 3861 569 3924 in
589 3861 736 3947 margine
759 3857 937 3925 adscribito.

151 4071 234 4160 Peg.
261 4069 338 4137 136.
363 4069 417 4137 25.
450 4072 604 4137 Φίλιππον
636 4071 663 4136 δ’
686 4071 781 4138 αὐτὸν
810 4070 893 4138 οὐδὲν
923 4071 962 4137 ἀν
990 4070 1070 4139 ἀλλο
1098 4067 1208 4141 οίΜΑῙ
1231 4083 1298 4142 ΜΛ

108 4178 178 4251 τοὺς
202 4177 286 4251 θεοὺς
311 4173 459 4253 εὔξασθαι
484 4185 578 4242 ποιεῖν
602 4178 656 4251 τὴν
680 4175 768 4243 πόλιν
793 4178 810 4253 ἢ
835 4183 940 4243 ταῦτα
962 4178 983 4244 ἀ
1008 4184 1058 4244 νῦν
1080 4189 1205 4246 ποιεῖτε.
1229 4191 1296 4249 ΜΛ

109 4305 147 4350 11
169 4283 377 4371 praecedente
401 4319 421 4334 -
444 4292 526 4348 MAI
557 4285 638 4350 vitio
669 4289 782 4349 natum
809 4286 1018 4352 novoerrori
1041 4287 1111 4359 τοὺς
1134 4286 1217 4360 θεούς
1240 4310 1297 4374 pro

109 4399 171 4464 τοῖς
197 4393 274 4463 θεοῖς
298 4397 404 4456 ortum
429 4391 525 4455 dedit.
573 4389 732 4456 Emenda:
757 4391 838 4456 οὐδὲν
862 4389 900 4456 ἀν
923 4390 1002 4457 ἀλλο
1025 4387 1112 4471 οἶμαι
1135 4389 1199 4466 τοῖς
1222 4396 1297 4470 θεοῖς

111 4497 258 4578 εὔξασθαι
289 4505 385 4564 ποιεῖν
417 4499 472 4574 τὴν
504 4496 604 4564 πόλιν.
650 4495 769 4564 Herod.
793 4495 818 4563 Ι.
844 4495 896 4565 37.
929 4495 981 4586 (11.
1012 4497 1083 4565 Ver.
1103 4499 1197 4566 neco.
1221 4521 1296 4592 pag.
