3348 5086
715 351 781 418 415

189 559 210 600 ι.
236 533 312 600 391.
337 535 370 609 ἦὲ
393 533 572 616 σκέπαρνον.

142 645 182 705 ut
215 641 335 707 formae
369 643 566 722 Αἱγυπτιόιν,
603 643 813 730 Αἰγυπτίους,
848 646 1031 723 Αἰγυπτίας
1067 649 1099 711 et
1133 649 1206 712 sim.
1236 653 1340 714 metro

143 747 336 832 quadrarent
358 749 567 834 aorripiebant
592 750 781 828 secundam,
807 751 978 837 prudentor
999 754 1034 816 in
1057 751 1108 817 his
1132 754 1280 818 omnibus
1309 758 1341 818 ei

144 853 291 920 sollerter
314 859 444 921 versati.
492 855 609 921 Politao
632 862 722 935 sunt,
749 877 810 922 uon
835 861 1050 946 grammatici.

191 959 241 1024 Ad
267 959 361 1026 Iliad.
386 971 408 1026 1.
433 959 487 1028 73.
513 960 715 1028 Herodianus
739 964 824 1030 male
849 963 1006 1041 ὑποδεξείη
1031 967 1070 1037 ὥς
1095 965 1222 1046 Ἀργεέη
1245 986 1340 1031 anno-

145 1071 291 1143 taverat,
318 1067 374 1134 sed
397 1071 533 1134 correxit
555 1089 693 1135 errorem
717 1076 749 1135 et
770 1073 816 1136 ita
840 1071 941 1136 dixit:
967 1067 1056 1135 ἕνεκα
1079 1069 1191 1152 μέτρου
1216 1067 1343 1137 έκταοιν
1442 1135 1445 1144 2

145 1171 243 1238 ἔπαθε
275 1173 310 1238 τὸ
342 1201 369 1240 ε.
405 1174 484 1262 Log.
520 1174 553 1238 ri
585 1186 608 1239 Ι.
657 1174 816 1242 Similiter
847 1176 887 1242 ad
919 1188 952 1241 B.
978 1175 1053 1242 731.
1077 1175 1170 1251 οὕτως
1196 1178 1340 1244 έκτατέον

145 1278 198 1344 διά
222 1282 257 1345 τὸ
281 1279 410 1360 μέτρον,
437 1280 649 1367 Ἀσκληπιοῦ,
673 1283 853 1367 penultima
875 1281 972 1370 longa
994 1289 1026 1348 at
1050 1284 1090 1348 ad
1111 1295 1150 1350 Ο.
1176 1284 1252 1351 554.

376 1387 553 1467 ἐντρέπεται
575 1389 666 1470 φίλον
691 1385 759 1466 ἦτορ
783 1391 911 1468 ἀνεψιοῦ
936 1389 1110 1467 κταμένοιο.

144 1495 202 1569 τῆν
224 1497 263 1572 ψι
287 1493 453 1572 ουλλαβῆν
478 1493 623 1560 ἑκτατέον
646 1494 698 1561 διά
722 1494 757 1559 τδ
782 1495 901 1577 μέτρον.

192 1701 283 1768 iliad.
310 1712 349 1768 Η.
376 1703 451 1770 110.

236 1812 432 1891 Ἀφραίνεις,
460 1811 622 1890 Μενέλαε,
650 1849 691 1860 -
716 1810 779 1874 ἀνά
804 1810 831 1875 δ’
857 1810 946 1892 ἴσχεο
972 1810 1134 1892 κηδόμενός
1159 1837 1226 1894 περ.

192 1913 313 1983 Graece
332 1919 395 1983 dioi
415 1939 477 1984 non
495 1923 601 2004 potest
619 1918 791 1996 ἀνίοχομοιι
816 1938 874 2003 pro
894 1919 1066 1998 ἀνέχομαι,
1087 1940 1190 2004 nequo
1204 1923 1342 2002 ἀπιοχο.

145 2044 207 2098 μαι
237 2045 295 2109 pro
326 2025 507 2103 ἀπέχομαι,
544 2025 599 2090 sed
626 2024 709 2089 nihil
735 2028 782 2089 esi
805 2023 931 2090 facilius
954 2045 1052 2109 quam
1074 2025 1156 2090 hano
1178 2026 1341 2092 maculam

146 2131 263 2197 oluere.
312 2129 445 2196 Dixerat
466 2135 577 2217 polita:
600 2131 662 2196 ἀιά
686 2139 742 2194 ΔΕ
767 2129 843 2208 σχέο
868 2127 1030 2207 κηδόμενός
1054 2155 1130 2211 περ,
1154 2137 1191 2196 ut
1214 2132 1309 2198 alibi:

285 2235 430 2316 τέτλαθι,
455 2243 553 2319 μῆτερ
578 2239 654 2315 έμῆ,
680 2236 733 2312 καὶ
759 2234 942 2315 ἀνάοχεο
967 2237 1114 2316 κηδομένη
1138 2262 1204 2319 περ.

193 2448 327 2516 Duobus
348 2449 427 2514 loois
450 2451 484 2514 in
510 2448 610 2514 Iliade
632 2448 720 2514 idem
743 2446 899 2512 mondum
923 2445 1058 2512 inolevit
1082 2454 1118 2510 H.
1146 2445 1223 2513 434.
1285 2433 1290 2444 ’

284 2553 359 2634 ἦμος
384 2556 410 2620 δ’
433 2555 500 2621 οὔτ’
524 2554 562 2635 ἀρ
586 2579 633 2620 πυ
658 2555 715 2630 ἠὼς
743 2552 788 2618 έτι
813 2555 839 2618 δ’
864 2553 1031 2635 ἀμφιλύκη
1056 2550 1130 2630 νύξ,

284 2670 382 2741 τῆμος
406 2661 453 2742 ἀρ’
477 2661 564 2744 ἀμφὶ
590 2663 685 2742 πυρῆν
709 2660 807 2741 κριτὸς
828 2663 963 2740 Ἕγρετο
987 2660 1063 2732 λαδς
1089 2659 1237 2739 Ἀχαιῶν.

149 2775 251 2836 ο1Ω.
278 2766 355 2836 790.
422 2791 424 2794 ’

285 2871 360 2954 ἦμος
385 2874 411 2938 δ’
435 2873 586 2955 ἦριγένεια
610 2873 695 2956 φάνη
720 2872 937 2954 ῥοδοδάκτυλος
963 2876 1038 2950 ἦώς,

284 2989 381 3059 τῆμος
405 2979 453 3060 ἀρ’
478 2981 564 3058 ἀμφὶ
590 2981 684 3060 πυρῆν
709 2985 821 3045 κλυτοῦ
843 2981 987 3059 Ἕκτορος
1009 2982 1144 3058 Ἔγρετο
1168 2980 1256 3052 λαός.

192 3088 278 3170 Quid
311 3087 371 3152 sibi
403 3087 475 3152 vult
505 3089 539 3151 in
569 3087 792 3152 huiuscemodi
814 3087 893 3152 locis
912 3083 1067 3164 Ἕγρετο1
1103 3084 1194 3166 Quod
1217 3087 1340 3173 liquido

149 3196 304 3261 sententia
336 3193 476 3279 postulat
504 3192 583 3259 latat
613 3196 647 3258 in
679 3195 809 3278 antiqua
840 3193 998 3276 scriptura
1024 3200 1202 3269 erPeT0‚
1226 3215 1342 3280 nempe

145 3303 295 3382 Ἥγρετο.
340 3301 469 3379 ’λγείροι
500 3300 595 3366 habet
627 3299 706 3364 duas
737 3301 847 3364 aoristi
874 3299 995 3381 passivi
1017 3296 1136 3364 formas
1160 3299 1286 3381 ἦγέρνην
1309 3307 1343 3366 ot

148 3407 323 3488 Ἠγράμην,
349 3427 485 3493 quarum
507 3405 565 3471 illa
587 3408 707 3492 passim
729 3405 850 3493 legitur
871 3406 905 3468 in
928 3405 1106 3469 notissimo:

330 3509 357 3579 οἳ
379 3513 408 3577 δ’
433 3513 499 3577 ἐπεὶ
523 3509 571 3577 οὖν
594 3513 718 3591 ἦγερέεν
742 3510 907 3591 ὁμηγερέες
930 3511 960 3574 τ’
985 3508 1135 3586 ἐγένοντο.

146 3623 223 3688 haoo
246 3641 311 3686 non
334 3622 397 3685 nisi
419 3622 454 3686 in
476 3621 644 3705 participio
669 3623 846 3702 comparet,
872 3621 910 3682 ut
933 3613 1026 3681 Iliad.
1053 3626 1090 3680 τ.
1118 3614 1195 3684 165.

376 3722 407 3790 έν
430 3751 465 3791 τε
490 3725 542 3790 καὶ
566 3724 670 3805 ἀνδρες
695 3721 916 3800 ἀποκτάμεναι
944 3720 1107 3800 μεμάαοιν

378 3832 540 3912 ἀγρόμενοι
564 3835 628 3905 πῖος
651 3829 739 3903 λαός.

149 3946 181 4007 et
199 3940 279 4005 alibi
295 3943 424 4026 passim.
458 3939 534 4004 Huo
556 3939 685 4004 videtur
696 3933 1026 4022 referendaHasyohii
1038 3933 1144 4021 glossa
1163 3937 1340 4016 Ἤγρετοε

149 4047 268 4130 ἦγέρῆη.
304 4047 435 4126 Ἀγείριο
465 4052 496 4112 et
526 4045 651 4126 ἐγείρει,
685 4050 723 4110 ut
752 4045 787 4107 in
818 4039 990 4107 (lodicibus
1019 4043 1135 4106 nostris
1158 4043 1342 4126 saepissime

148 4151 399 4230 ooniimduntm,
433 4155 478 4218 sio
509 4156 605 4218 etiam
635 4173 697 4218 non
728 4171 797 4216 raro
828 4152 863 4213 in
890 4149 1120 4216 vetustissimis
1143 4148 1234 4214 libris
1257 4149 1342 4213 intsr

150 4281 182 4326 ss
204 4257 378 4324 mutabant
400 4258 518 4324 locum.
565 4259 603 4324 In
623 4256 714 4323 Iliad.
740 4267 777 4322 E.
806 4253 882 4320 510.

549 4365 666 4444 Τρωσὶν
690 4363 782 4441 θυμὸν
805 4363 936 4442 ε’γεῖραι.

192 4471 394 4556 Porphyrius
425 4470 465 4536 ad
495 4469 586 4538 Iliad.
620 4481 658 4535 Θ.
691 4469 722 4536 2.
755 4469 793 4534 de
824 4468 921 4536 verbo
952 4467 1065 4548 ἀγείροι
1095 4487 1193 4554 agens
1215 4469 1341 4547 ἀγεῖραι
