3342 5080
877 327 943 397 572

359 523 439 615 Psg.
465 523 541 592 790.
568 523 621 590 10.
646 523 737 599 ἡδέως
761 521 800 589 ἂν
824 522 931 599 είδείην
951 522 999 596 τίς
1019 523 1080 591 έςιν
1100 521 1114 586 d
1134 522 1189 597 την
1208 521 1281 604 πρὸς
1301 521 1372 595 τοὺς
1392 523 1503 604 γονέας

315 632 430 698 ειίνοιαν
462 633 531 712 ὀρῶν
561 627 772 711 προδεδωκότα
800 635 906 697 τοῦτον
914 678 923 710 ,
959 629 994 706 ἣν
1025 628 1097 710 πρὸς
1127 627 1179 694 τὸν
1210 628 1303 709 δῆμον
1334 636 1386 697 νῦν
1419 629 1504 714 ἔχειν

315 741 512 818 ὑπισχνεῖται
546 735 688 807 πιςεύων.
738 736 823 818 Quid
854 738 916 802 sibi
939 735 1012 803 vult
1033 738 1067 801 in
1090 733 1150 801 tali
1172 757 1205 802 re
1229 735 1450 819 ὑπισχνεῖταιί
1472 744 1504 806 et

314 845 444 915 πιςειίων
468 848 523 921 την
547 843 663 910 εὔνοιαι
687 843 764 929 quid
787 840 856 909 ost?
879 841 961 909 nihil
983 863 1121 928 prorsus.
1167 843 1217 910 Ex
1239 846 1306 910 imo
1330 849 1504 912 sententias

313 953 412 1020 fundo
431 953 584 1039 emergit:
609 947 643 1023 ἣν
662 987 703 999 -
724 954 774 1015 νῦν
798 947 883 1030 ἔχειν
907 948 1163 1031 ὑποκρίνεται;
1190 949 1255 1036 (vel
1278 951 1502 1040 προσποιεῖται)

314 1060 446 1134 ιίληίιῑ
469 1053 576 1150 ε’ίυαι
601 1056 742 1127 πιςείωυ.
778 1054 913 1123 Videtur
935 1056 1049 1123 loouns
1071 1059 1105 1122 in
1128 1061 1254 1124 vetusto
1269 1045 1359 1124 ‘libro
1377 1063 1503 1124 utcum-

314 1186 374 1251 que
397 1163 524 1251 snplots
545 1163 653 1230 fuisse.

360 1375 440 1464 Pag.
472 1372 548 1440 791.
583 1373 633 1438 12.
667 1374 693 1440 εί
716 1375 774 1454 μὲν
797 1371 846 1441 οὖν
870 1375 1017 1457 οίνρίρηται
1040 1378 1144 1439 ταῦτα
1163 1413 1204 1423 -
1223 1377 1312 1450 ἡμεῖς
1335 1381 1501 1457 ληροῦμεν,

314 1519 359 1534 -
377 1484 402 1549 εί
435 1480 461 1547 δ’
493 1479 538 1545 έτι
569 1478 614 1550 ἔτι
645 1479 697 1546 καί
730 1479 797 1551 έςαι
830 1477 946 1561 ἕωσπερ
977 1479 1015 1545 ἂν
1048 1481 1153 1562 ἐκτίση
1180 1480 1247 1564 [καί
1271 1484 1393 1566 μειεῖ],
1417 1477 1502 1555 οὗτος

315 1589 397 1654 οὐδέν
428 1588 539 1663 οίληίές
572 1585 671 1665 λέγει.
718 1585 783 1654 Ubi
806 1587 858 1653 καί
882 1597 972 1667 μενεῖ
992 1587 1146 1656 deleveris
1168 1607 1244 1654 sana
1266 1590 1375 1654 omnia
1397 1593 1430 1654 et
1453 1609 1503 1656 ex·

313 1694 422 1782 podiis
444 1696 547 1760 erunt.

359 1903 521 1970 Insulsum
553 1904 716 1992 imprimis
750 1908 783 1969 et
813 1903 1019 1969 manifestum
1050 1901 1209 1968 emblema
1244 1924 1319 1993 pog.
1360 1901 1435 1971 795.
1470 1905 1501 1971 2.

314 2011 498 2078 oDobrseo
521 2009 712 2097 deprensum
734 2015 792 2078 ost.
837 2009 1014 2094 Postquam
1037 2008 1175 2075 dixerat:
1200 2009 1279 2082 τίνος
1303 2010 1333 2076 δὲ
1362 2013 1503 2092 συγγνοί-

314 2143 375 2197 μης
395 2157 437 2168 —-
454 2119 481 2183 οἱ
513 2117 813 2198 σεσυκοφαντημένοι
848 2115 1043 2197 τετυχήκασι
1079 2117 1165 2196 παραὶ
1200 2117 1324 2192 τούτους
1359 2118 1501 2185 addidit:

315 2225 367 2291 καί
392 2224 453 2306 ,ἐφ’
485 2217 527 2298 οίς
553 2224 566 2289 ί
590 2224 751 2302 βοίσκανος
775 2218 859 2294 οὗτος
883 2219 977 2296 οίίτως
1001 2224 1087 2301 ὠμοῖς
1112 2223 1165 2288 καί
1189 2229 1300 2305 πικρῶς
1324 2219 1411 2305 εἶχε,
1436 2223 1501 2291 τοιί·

314 2355 383 2403 τους
409 2332 490 2409 ὑμῶν
514 2332 539 2396 οἱ
564 2331 720 2410 λαχόντες
740 2332 783 2394 τοὶ
807 2329 913 2395 δίκαιοι
933 2333 1085 2402 ποιοῦντες
1107 2326 1214 2411 ἔσωζον
1233 2329 1285 2395 καὶ
1305 2330 1339 2396 τὸ
1359 2331 1503 2409 πέμπον

315 2435 402 2517 μέρος
425 2440 484 2501 τῶν
508 2436 623 2518 ψηφων
646 2439 680 2502 οὐ
703 2435 904 2514 μετεδίδοσαν
926 2436 1021 2516 αὐτῷ.
1057 2435 1145 2502 Haeo
1164 2434 1346 2524 Hyperides
1365 2436 1500 2503 dixerat:

312 2565 396 2609 nuno
426 2548 498 2629 post
528 2541 635 2624 ἔσωζον
663 2541 785 2630 legitur
813 2543 847 2605 in
879 2546 970 2606 textu
992 2542 1052 2608 hoo
1075 2541 1233 2608 scholium
1258 2542 1325 2628 [καί
1349 2543 1420 2618 τοὺς
1446 2545 1501 2610 ὑπὸ

314 2649 422 2715 τούτου
455 2647 756 2730 συκοφαντουμένους
781 2645 1030 2732 ἀπεψηφίζοντο]
1053 2668 1133 2734 quse
1156 2655 1188 2714 et
1210 2651 1317 2735 inepte
1341 2649 1503 2717 sbundsnt

312 2776 414 2841 neque
436 2755 604 2821 verborum
630 2755 852 2840 compositioni
875 2760 1065 2842 congruunt.
1099 2753 1210 2840 itaque
1232 2756 1409 2822 rectissimo
1426 2757 1502 2823 hsoo

311 2861 474 2928 Dobrssus
498 2860 630 2929 delevit.

356 3070 436 3160 Psg.
463 3068 539 3138 797.
565 3069 618 3137 16.
644 3071 768 3137 έπειδοὶν
793 3065 841 3137 οὖν
861 3095 909 3145 τις
929 3109 969 3122 -
989 3070 1060 3148 είπη
1081 3077 1213 3150 »τοῦτον
1232 3071 1263 3137 ot
1284 3077 1391 3139 ταῦτα
1408 3083 1502 3143 ποιεῖν

313 3175 365 3243 καί
399 3179 489 3242 ταῦτ’
524 3179 691 3259 ὀφείλοντα
723 3178 764 3258 τῷ
790 3177 951 3259 inustio?
975 3179 1008 3245 τί
1030 3177 1070 3257 δ’;
1096 3179 1128 3244 οὐ
1152 3178 1204 3244 καί
1230 3179 1365 3260 dirius,
1389 3183 1503 3268 φησίν,

313 3284 451 3365 ὀφείλεις
476 3287 527 3351 τὸν
552 3285 658 3367 ἐχθρὸν
682 3281 818 3353 έκαςΟΟ
842 3283 977 3350 ὑπειπὼν
998 3283 1050 3349 τὸν
1069 3283 1175 3350 αὑτοῦ.
1222 3285 1396 3354 Monifosto
1414 3267 1500 3354 men·

312 3394 424 3460 dosum
445 3397 493 3458 est
512 3387 657 3458 ἔνατος.
676 3391 716 3456 de
736 3389 803 3456 solo
821 3392 1037 3478 Aristogitone
1056 3391 1133 3457 hsso
1153 3392 1310 3459 dicuntur.
1344 3393 1500 3462 Emonds:

312 3501 364 3566 τὸν
389 3499 493 3580 ἐχθρὸν
515 3497 662 3565 έκοίςΟΘ’
687 3493 831 3562 ὑπειπών.

357 3709 438 3796 Pog.
464 3703 540 3774 798.
562 3701 618 3771 26.
642 3703 691 3772 δεῖ
710 3706 745 3782 δη
770 3705 893 3781 ποίντας
913 3744 954 3756 -
973 3711 1062 3772 τοῦτο
1086 3708 1121 3773 τί
1146 3707 1240 3785 ίηρίον
1263 3707 1346 3787 ὑμᾶς
1369 3707 1500 3791 ἐξορίσαι

314 3855 355 3866 —-
373 3816 417 3895 μη
449 3810 686 3894 περιμείναντας
716 3819 762 3876 TI
789 3815 907 3880 παθεῖν.
955 3813 1160 3901 logentium,
1187 3820 1224 3879 nt
1248 3814 1312 3881 dioi
1335 3813 1432 3892 solet,
1457 3817 1500 3896 μῖρ

312 3920 549 4005 περιμείναντας
572 3927 632 3984 ΤΟ
657 3920 779 3988 παθεῖν.

355 4132 438 4220 Psg.
473 4128 549 4197 799.
581 4129 636 4198 11.
670 4129 880 4197 ἐπολιτεύοντο
909 4131 972 4213 γὰρ
1004 4132 1153 4210 (maiores
1184 4134 1297 4216 nostri)
1331 4131 1401 4212 οιίχί
1438 4139 1500 4204 τοῖς

312 4237 524 4318 πονηροτάτοις
556 4235 609 4301 καί
640 4236 851 4319 συκοφάνταις
883 4243 1067 4317 συνεργΕΙΝ
1090 4235 1219 4309 διδόντες
1244 4239 1383 4312 ἑαυτούς.
1429 4239 1500 4305 Νοιι

311 4351 359 4411 est
389 4345 466 4410 host
496 4340 618 4410 Grtooa
647 4346 747 4410 oratio
779 4342 884 4422 δίδωμι
910 4342 1044 4421 ἐμαυτὸν
1070 4351 1243 4428 συνεργεῖν,
1268 4345 1322 4410 md
1344 4345 1498 4426 συοεργί.

311 4448 546 4538 Corrigendum
569 4449 670 4535 igitur
693 4455 741 4516 est
764 4459 960 4532 συνεργοῖς
983 4448 1113 4524 διδόντες
1136 4449 1275 4525 ἑαυτούς.
