3296 5104
176 2531 330 2621 Rogstus
355 2533 396 2598 ob
420 2533 533 2599 smiois
560 2537 598 2598 ut
620 2531 837 2598 intermissam
857 2507 1070 2600 msurrosrrsus
1093 2534 1266 2602 editionem
1288 2536 1336 2602 in-

133 2659 317 2721 staurarem
350 2674 412 2720 nou
443 2655 567 2722 invitus
592 2655 634 2720 iis
655 2673 779 2720 morem
802 2654 889 2741 possi
911 2658 944 2720 st
965 2674 1066 2750 quum
1088 2675 1152 2722 uno
1174 2655 1336 2743 oltsroqus

134 2773 307 2842 volumino
331 2777 367 2840 in
388 2773 495 2841 luoom
519 2777 635 2842 smisso
657 2775 760 2841 oditor
782 2794 802 2840 s
824 2795 877 2840 mo
899 2779 1021 2861 poiorot
1043 2781 1081 2842 ui
1103 2797 1183 2862 quos
1204 2776 1336 2864 posthso

133 2899 316 2983 scripturus
347 2915 448 2962 ossum
479 2899 514 2962 in
545 2917 648 2962 unum
678 2894 811 2962 oolloois
842 2903 874 2962 oi
896 2899 987 2964 novis
1009 2897 1336 2965 animadversionibus

133 3023 231 3084 ouots
263 3019 397 3084 seorsim
428 3018 480 3084 edi
510 3023 653 3105 paterer,
685 3024 722 3084 ut
753 3020 788 3084 in
824 3017 927 3084 Vario
956 3019 1146 3085 horionibus
1170 3020 1333 3097 fecissem,

133 3137 251 3204 lubens
269 3138 304 3204 id
322 3159 375 3204 mo
398 3139 558 3206 footurum
578 3141 729 3226 promisi,
752 3144 785 3206 oi
804 3141 849 3206 sio
868 3139 947 3206 hsoo
966 3156 1190 3212 insomnium
1209 3158 1335 3208 culmos

133 3265 211 3326 usto
235 3265 327 3338 suni,
354 3261 388 3326 in
411 3261 528 3346 quibus
551 3260 727 3328 secundum
751 3263 943 3346 scriptorum
966 3258 1161 3329 Grosoorum
1187 3262 1334 3330 emundo-

134 3383 260 3449 tionem
289 3382 350 3448 hoo
380 3383 586 3468 potissimum
619 3385 672 3470 ogi
703 3387 742 3448 ui
772 3382 811 3448 do
842 3378 996 3449 Codicum
1019 3404 1080 3448 usu
1101 3389 1134 3449 si
1157 3383 1334 3471 disorspun·

135 3505 220 3571 tium
247 3506 477 3589 scripturorum
500 3503 626 3571 dslsotu
649 3507 840 3571 sententium
859 3524 966 3571 meum
985 3503 1194 3573 ostenderem.
1229 3504 1333 3587 Quum

136 3625 259 3694 sellom
282 3626 366 3694 mihi
381 3625 499 3734 'liceret
521 3648 623 3693 unum
647 3625 839 3694 stultorum
862 3625 1004 3693 nobilem
1028 3627 1214 3712 scriptorem
1235 3623 1334 3693 Gros-

137 3769 212 3815 oum
252 3769 292 3816 sx
325 3750 436 3835 pouois
469 3746 753 3835 prssstoriiissimis
786 3745 956 3815 Oodioibus
988 3745 1067 3814 Mss.
1103 3749 1152 3813 iis
1181 3748 1273 3815 odoro
1295 3753 1332 3815 ui

136 3877 302 3957 apparatus
333 3869 468 3936 Orsum
490 3875 572 3937 osset
594 3890 630 3936 oo
653 3871 783 3958 numius
807 3869 925 3958 dignus
948 3869 1079 3936 ubisoiis
1103 3870 1252 3936 omnibus
1273 3891 1332 3936 uu·

137 3993 189 4081 gis
208 3996 243 4059 si
261 3990 465 4079 quisquiliis,
486 3992 602 4078 quibus
621 3991 722 4081 vulgo
741 3996 921 4058 onerantur.
953 3990 1046 4058 Nono
1065 3993 1214 4077 quonism
1234 3991 1332 4058 huius

137 4115 184 4179 roi
214 4113 380 4200 usquein
414 4115 519 4200 putris
548 4117 676 4200 proptor
696 4114 743 4180 rsi
764 4111 912 4180 librarios
933 4110 1155 4178 difficultatem
1176 4117 1210 4179 st
1231 4133 1332 4202 ungu·

139 4235 216 4301 stim
247 4232 316 4301 ulls
346 4253 417 4321 spos
447 4238 513 4314 ost,
545 4255 648 4322 noque
676 4238 766 4302 oxirs
794 4235 916 4320 patrius
946 4231 1023 4300 finos
1051 4253 1122 4300 oum
1145 4233 1333 4302 ioomiutsm

140 4361 171 4419 oi-
202 4356 326 4440 copiam
360 4375 509 4440 qusorsro
539 4359 648 4436 iussi,
680 4354 842 4442 reliquum
864 4360 913 4422 est
938 4361 973 4421 ui
995 4355 1118 4422 futuros
1140 4358 1331 4442 scriptorum

141 4473 336 4544 Grssoorom
361 4477 496 4544 editores
518 4481 552 4544 in
575 4499 680 4546 msam
705 4480 894 4545 sententium
918 4477 1098 4564 pertrahere
1121 4497 1223 4544 oonsr.
1269 4479 1334 4546 Ad·
