3296 5104
883 334 926 404 22

308 527 387 590 tiam
412 548 484 592 cum
510 549 628 616 magno
653 548 782 594 coronae
804 525 920 610 plausu
944 527 1084 590 ornasset
1106 525 1215 609 paucis
1238 527 1366 590 tantum
1385 520 1539 587 leviter

309 632 508 711 immutatis,
534 639 571 698 ut
594 656 650 720 pro
674 635 728 706 τὴν
754 631 977 708 Θεμιςονλὲους
1001 631 1097 694 οίκίοιν
1119 629 1171 693 κοάι
1191 629 1365 694 Μιλτιάδου
1386 627 1536 692 substi-

310 743 415 804 tueret
448 741 503 814 τὴν
534 740 700 820 Ἀριςείδου
735 739 788 803 καί
821 739 875 810 τίον
907 736 1099 813 Μιλτιάδου,
1131 735 1236 800 multo
1268 737 1355 800 enim
1384 731 1538 797 melius
1643 800 1644 811 ρ

310 845 461 910 Aristidis
481 846 657 931 aediculas,
679 866 775 932 quem
794 846 829 908 in
848 848 1034 930 paupertate
1053 846 1191 908 aetatem
1203 843 1306 928 egisse
1319 839 1534 913 constabat,

310 955 575 1017 commemoravit
597 973 695 1037 quam
718 947 962 1026 Themistoclis,
988 950 1043 1033 qui
1066 967 1201 1034 magnas
1224 968 1241 1011 e
1264 945 1349 1011 bello
1372 945 1536 1010 divitias

311 1055 498 1143 collegerat:
522 1061 683 1142 praeterea
706 1077 763 1144 pro
786 1056 840 1138 ὁρᾷ
864 1061 921 1120 τῶν
946 1060 1067 1118 πολλῶν
1091 1053 1172 1118 οὐδὲν
1200 1051 1384 1131 σεμνοτέραν
1410 1044 1535 1114 οὖσαν

310 1159 415 1227 multo
439 1168 605 1230 venustius
629 1164 712 1228 dixit
734 1168 789 1236 τῆς
809 1167 862 1227 τοῦ
885 1161 1029 1239 γείτονος.
1066 1159 1223 1244 Impostor
1243 1179 1300 1224 sua
1319 1179 1358 1223 ex
1368 1161 1534 1241 utroque

309 1266 378 1333 loco
409 1269 558 1335 conflavit
592 1269 741 1355 pleraque
776 1290 816 1335 ex
852 1269 1056 1334 Aristocraten
1090 1287 1236 1342 sumens,
1272 1263 1435 1330 nonnullis
1481 1283 1532 1327 ex

316 1373 492 1458 Olynthium
524 1379 667 1461 receptis.
715 1373 751 1440 Si
774 1375 852 1460 quid
874 1377 1017 1441 mutavit
1041 1373 1179 1438 deterius
1202 1371 1359 1437 reddidit:
1385 1372 1531 1455 optime

311 1477 557 1546 Demosthenes:
592 1483 621 1545 ἕν
653 1483 695 1562 τῷ
724 1489 779 1556 τῆς
804 1481 964 1552 πολιτείοις
988 1479 1049 1554 ἤθει
1074 1477 1236 1556 μένοντες,
1260 1497 1423 1564 perperam
1452 1475 1528 1540 ille

313 1587 456 1669 quisquis
488 1592 553 1651 est:
587 1589 629 1668 τῷ
653 1594 708 1660 τῆς
733 1588 892 1660 πολιτείας
919 1587 1136 1651 ’ONOMATI
1161 1583 1359 1662 άνολοάίους,
1385 1585 1528 1670 cogitat

314 1692 399 1754 enim
424 1691 463 1755 de
483 1695 610 1758 nomine
631 1693 855 1772 δημοκρατίας,
876 1693 931 1758 sed
951 1691 1090 1772 adnecteret
1110 1691 1303 1756 democratia
1324 1692 1340 1764 ἡ
1361 1688 1522 1754 πολιτεία

314 1795 508 1881 appellatur,
540 1819 602 1862 non
633 1805 750 1864 contra.
798 1797 965 1864 Praeterea
987 1800 1148 1863 incautius
1171 1792 1339 1862 Cimonem
1363 1795 1520 1869 addidit,

315 1923 411 1986 quem
436 1905 470 1965 in
494 1924 527 1968 re
550 1902 639 1970 lauta
662 1906 780 1971 vixisse
803 1925 897 1970 nemo
915 1907 1051 1992 ignorat.
1099 1903 1149 1968 Ex
1167 1903 1278 1968 codem
1297 1902 1366 1970 loco
1387 1923 1520 1988 expun-

314 2007 419 2094 genda
448 2014 523 2074 sunt
552 2011 649 2076 verba
680 2011 730 2075 καί
762 2009 939 2076 Μιλτιάδου
969 2013 1003 2076 in
1033 2006 1148 2075 Codice
1178 2007 1201 2074 S
1225 2011 1345 2094 optime
1369 2010 1518 2074 omissa:

316 2113 400 2178 unde
430 2116 613 2200 irrepserint
643 2120 847 2202 perspicuum
874 2121 939 2194 est,
965 2121 997 2181 et
1020 2135 1111 2201 saepe
1134 2113 1259 2181 videbis
1282 2115 1366 2200 apud
1390 2113 1517 2180 Demo·

318 2221 463 2286 sthenem
486 2219 570 2288 locos
593 2223 714 2288 similes
739 2226 784 2287 sic
807 2244 846 2288 ex
868 2222 945 2287 locis
965 2221 1127 2286 similibus
1145 2221 1329 2306 interpolari
1349 2225 1382 2286 et
1401 2221 1517 2286 verbis

316 2326 487 2392 inutilibus
519 2331 647 2414 augeri,
679 2329 770 2393 cuius
800 2330 848 2394 rei
878 2327 961 2392 infra
991 2325 1137 2413 exempla
1168 2326 1385 2412 compluscula
1408 2327 1516 2412 proie-

322 2453 441 2497 remus.

362 2535 552 2603 Lectionum
583 2544 690 2606 autem
722 2541 771 2605 bis
802 2545 912 2626 terqua
944 2535 1106 2613 αὑτολεξεί
1128 2543 1335 2624 repetitarum
1358 2538 1451 2604 firma
1476 2545 1513 2604 et

318 2641 441 2707 stabilis
476 2643 552 2710 fides
586 2651 635 2710 est
668 2666 733 2711 nec·
758 2649 821 2712 nisi
854 2647 1056 2733 gravissimis
1090 2644 1128 2710 da
1159 2648 1262 2712 causis
1293 2645 1509 2711 sollicitanda.

317 2747 456 2814 Memini
486 2771 586 2836 quum
617 2753 700 2817 mihi
727 2772 783 2837 pro
806 2754 932 2818 ὀπΟΙΑ
957 2753 1026 2816 ποτ’
1050 2750 1112 2818 ἐςίν
1136 2751 1288 2818 arrideret
1310 2746 1428 2829 άτΟΤ,
1454 2751 1511 2816 sed

317 2854 401 2919 nihil
431 2874 528 2940 opus:
559 2865 642 2928 ποῖος
666 2861 699 2923 et
722 2859 769 2930 τίς
793 2860 827 2922 in
849 2860 957 2924 Attica
981 2862 1029 2923 est
1047 2879 1169 2940 ρτοτοοοο
1193 2858 1286 2935 idem,
1311 2878 1386 2922 nom
1409 2858 1494 2943 ρειαί

319 2959 437 3026 dicitur
468 2961 551 3036 ποῖός
575 2989 641 3038 τις,
667 2967 733 3029 ποῖ’
758 2963 854 3030 άττα.
901 2963 1013 3050 Itaque
1035 2964 1125 3028 άποία
1150 2962 1224 3028 ποτέ
1248 2967 1295 3028 est
1320 2961 1384 3038 ἥτις
1409 2963 1507 3036 ποτέ,

319 3069 351 3130 et
374 3067 486 3132 nescire
508 3090 588 3154 quaa
611 3070 652 3134 cit
674 3071 776 3134 ιίονουο
800 3069 998 3135 Themistoclis
1020 3070 1150 3154 perinde
1174 3069 1251 3136 bens
1275 3070 1393 3134 dicitur
1415 3075 1508 3154 atque

321 3177 433 3236 ποιοίτο
455 3174 513 3238 ubi
535 3181 583 3240 cil.

365 3382 565 3472 ineleganter
587 3390 800 3473 compositum
825 3385 872 3452 est
895 3387 979 3473 quod
1002 3385 1123 3475 legitur
1141 3407 1214 3474 pag.
1238 3385 1508 3454 cataroae

321 3490 376 3568 μὲν
400 3490 435 3564 δίο
459 3495 565 3556 τοῦτον
586 3495 638 3559 τὸν
661 3492 768 3575 τρίπον
794 3489 862 3574 εἶχε
884 3494 928 3560 τά
952 3493 1133 3575 πράγματα
1158 3493 1278 3566 ἐκείνοις
1293 3531 1334 3542 --
1348 3501 1454 3560 NTNI
1477 3495 1508 3559 δὲ

320 3601 384 3667 πῶς
416 3599 488 3675 ἡμῖν
519 3599 577 3664 ὑπὸ
606 3601 665 3664 τῶν
695 3607 816 3680 χρνςῶν
847 3607 906 3666 τῶν
937 3607 1029 3664 NTN
1062 3600 1103 3662 τά
1128 3597 1296 3681 πράγματ’
1320 3599 1405 3682 ἔχου
1431 3601 1509 3680 Quis

320 3721 449 3781 eorum,
468 3706 503 3768 in
522 3705 637 3788 quibus
657 3711 704 3772 est
725 3706 832 3792 aliqua
851 3705 1009 3772 scribendi
1027 3703 1162 3770 facultas
1172 3752 1180 3784 ,
1201 3705 1317 3793 frigide
1335 3709 1509 3791 repetitum

321 3807 380 3873 νυνί
404 3816 525 3874 -τῶν
557 3816 607 3875 νῦν
640 3832 701 3877 non
731 3811 903 3899 diligenter
924 3807 1080 3876 vitasset?
1103 3809 1264 3877 Potuissst
1288 3814 1509 3897 percommode

321 3917 551 3999 oppositionem
577 3919 624 3982 ita
646 3919 830 3983 instituere:
856 3921 978 3982 'HMIN
999 3917 1031 3982 δὲ
1055 3923 1118 3989 πῶς
1144 3917 1202 3982 ὑπὸ
1226 3923 1283 3981 τῶν
1306 3925 1428 3998 χρνςῶν
1451 3925 1509 3983 τῶν

320 4027 411 4086 NTN
436 4023 477 4086 τά
503 4023 670 4104 πράγματ’
695 4022 778 4104 ἔχου
804 4029 836 4090 et
860 4025 932 4101 ἡμῖν
956 4026 1001 4090 sic
1021 4024 1143 4096 ἐκείνοις
1164 4027 1345 4108 oppositum
1364 4045 1421 4090 suo
1440 4025 1510 4092 loco

319 4131 462 4211 positum
493 4149 559 4194 esse
590 4131 714 4194 senties.
764 4131 846 4194 Ante
876 4129 982 4194 multa
1012 4131 1137 4196 saecula
1170 4130 1301 4215 quidam
1329 4129 1428 4195 lector
1450 4131 1511 4197 De·

320 4221 495 4299 mosthenis
527 4238 559 4300 in
585 4235 719 4322 vulgata
741 4235 876 4302 lectione
899 4236 1028 4302 offendit
1050 4244 1082 4302 et
1106 4235 1170 4302 alia
1191 4238 1312 4302 ratione
1335 4236 1421 4302 malo
1444 4259 1510 4304 me

324 4337 391 4402 deri
422 4351 552 4406 conatus
579 4348 636 4406 est.
684 4340 828 4406 Mutavit
850 4348 909 4406 τῶν
932 4348 983 4408 νῦν
1006 4345 1041 4406 in
1064 4343 1199 4419 τούτων,
1225 4343 1283 4407 ὑπὸ
1309 4349 1367 4408 τῶν
1391 4351 1511 4424 asscel

325 4442 494 4526 τούτων,
527 4451 565 4512 ut
594 4450 642 4514 cst
672 4448 707 4510 in
737 4446 860 4514 duobus
883 4448 990 4532 libris,
1017 4471 1097 4534 quac
1119 4448 1215 4516 lectio
1239 4454 1277 4516 ut
1301 4455 1349 4517 tot
1373 4449 1454 4516 alias
1477 4453 1513 4516 in
