3356 5086
701 344 765 415 341

193 552 228 608 Λ.
251 539 301 608 te.
325 543 394 608 erat
417 537 545 621 ὑσμίνη,
570 541 655 606 reeta
679 538 882 606 Aristarchus
907 537 1016 619 ὑτριϊνη
1038 541 1183 608 correxit.
1202 541 1277 610 vide
1296 545 1329 609 et

154 658 189 715 a.
208 645 257 717 76.
273 654 319 712 Μ.
340 645 394 712 46.
415 653 458 712 N.
478 643 532 711 29.
557 654 597 712 0.
621 643 698 714 741.
721 646 777 711 uhi
796 649 844 712 est
864 645 974 713 eadem
994 647 1078 714 inter
1091 651 1327 716 nominativum

153 760 180 820 et
199 753 338 820 dativum
360 735 584 820 cohtroversia.
611 751 649 819 of.
675 757 767 819 etz.
794 751 848 819 10.

189 859 342 927 Homerus
373 879 570 946 quamquam
601 880 640 924 ex
672 859 798 926 Ionicae
829 858 957 926 dialecti
984 859 1114 949 ingenio
1137 860 1262 928 vocales
1285 869 1328 927 HI

151 971 178 1033 et
206 977 253 1033 ΩΙ
283 965 455 1034 dissolvere
485 964 566 1032 solet
588 966 647 1031 ubi
670 965 809 1036 cirrtsrst
832 966 1076 1048 contrahuntur,
1100 971 1194 1034 utin
1217 967 1328 1047 ἦΐὺενς,

150 1073 307 1152 ληΐσσατο,
332 1075 472 1154 ληϊςῖηρει
483 1120 492 1153 ‚
514 1071 567 1148 ἤϊα
592 1072 704 1162 (eirca),
726 1072 804 1148 δὺϊις
814 1119 823 1151 ,
845 1071 963 1158 δηϊόων,
983 1073 1121 1155 scetere,
1142 1076 1209 1154 νὺϊ,
1229 1076 1329 1158 σφῶϊ,

151 1180 267 1260 Τρὺϊις,
301 1177 476 1260 Τρωϊιὺδες,
513 1178 645 1260 ὑπεριὺϊα
679 1183 712 1245 et
744 1177 935 1261 ὑπερωϊὺὑεν,
969 1185 1001 1247 et
1032 1183 1105 1246 sim.
1135 1185 1244 1247 temen
1277 1201 1330 1247 eas

150 1287 332 1374 ubicumque
363 1306 443 1373 opus
475 1288 523 1352 est
554 1285 662 1352 Attico
686 1305 775 1352 more
799 1291 941 1368 συναιρεῖ.
987 1285 1050 1352 Pro
1071 1307 1106 1353 re
1128 1292 1204 1353 nata
1226 1289 1277 1353 νῶϊ
1298 1291 1331 1353 et

151 1391 183 1476 νςὺ
210 1396 314 1481 ponit,
347 1393 432 1476 σφῶϊ
456 1397 488 1458 et
510 1389 599 1474 τφιρὺ,
627 1391 744 1473 ὑρὺϊιιες
767 1397 800 1458 et
825 1394 942 1478 ὑρρῑιιες,
967 1394 1022 1470 ἤϊα
1045 1398 1079 1459 et
1102 1393 1169 1476 ᾗων.
1217 1391 1330 1481 Odyss-

149 1527 171 1566 ε.
195 1500 266 1568 368.

365 1608 404 1679 cic
430 1605 458 1671 δ’
483 1603 595 1684 ἄνεμος
619 1603 695 1687 ζαὺηι
720 1605 778 1688 fica
802 1606 923 1684 θημῶνα
947 1603 1066 1686 τινιὺξη.

190 1713 272 1789 Δηϊιι
297 1715 330 1778 et
353 1712 436 1788 δηΐων
459 1715 532 1778 ante
554 1710 700 1778 vocalem
722 1711 891 1800 trisyllaba
914 1716 1005 1778 sunt:
1030 1712 1103 1788 δηϊνι
1129 1710 1239 1792 socco
1258 1717 1331 1789 νηῶν
1371 1765 1373 1770 .

150 1824 178 1884 et
197 1819 274 1894 δηΐων
298 1819 332 1883 ἐκ
355 1817 511 1897 πολέμου,
533 1817 588 1884 sed
608 1818 839 1884 contrahuntur
858 1819 953 1903 δῄων,
974 1817 1086 1901 δήνισι,
1107 1820 1209 1902 tricor,
1233 1818 1329 1902 δῄων,

150 1929 178 1988 et
204 1925 336 2006 δηὺσας,
369 1925 508 2008 δηὺτειν.
540 1929 577 1989 ut
608 1926 643 1988 iu
674 1931 737 2002 γνῶ
772 1929 797 2002 ρ’·
833 1922 944 2006 ἄνδρας
979 1924 1085 2006 tricae,
1122 1924 1216 2008 τνρὺς
1251 1925 1329 2006 δῄων

152 2027 296 2111 ὑέρωνται,
328 2032 422 2113 δηρισι
453 2029 638 2110 μάχεσθαι,
672 2029 815 2112 ιὺνδριὺσιν
846 2031 876 2094 ἐν
901 2030 1009 2112 δῄωισι,
1034 2030 1110 2114 δῄων
1133 2031 1200 2096 aeci
1227 2031 1330 2111 κὺρμα

150 2135 294 2216 γενέσθαι.
353 2137 412 2203 sse
447 2140 545 2203 etiam
580 2138 787 2222 participium
822 2135 895 2219 δρῶν
932 2145 963 2201 P.
1003 2134 1054 2202 65.
1090 2136 1147 2202 ubi
1181 2140 1332 2202 annotant

151 2248 280 2310 veteres:
304 2242 360 2309 σὺν
386 2246 427 2327 τῷ
453 2253 467 2308 1
491 2242 651 2326 γράφεται
678 2251 832 2309 ΔΗΙΩΝ.
1180 2297 1181 2302 ,

189 2349 293 2432 Τρὺϊνι
325 2356 358 2418 et
388 2350 502 2434 Τρωρϊ,
528 2349 682 2432 Τρωϊίὑδει
706 2353 739 2414 et
762 2347 922 2432 Τρῳάδες,
947 2345 1080 2431 ὑπερώϊα
1102 2354 1135 2415 et
1159 2347 1279 2430 ὑπερῷα
1302 2353 1334 2414 et

150 2454 283 2538 ὑπερῴην.
308 2462 339 2525 et
364 2459 435 2522 sim.
460 2455 565 2544 plure.

189 2561 336 2652 Superest
358 2566 393 2629 in
416 2584 455 2630 ea
475 2584 510 2628 re
533 2561 689 2629 mendum
711 2563 746 2627 in
768 2560 828 2629 Od.
852 2586 878 2644 ρ.
904 2559 970 2628 530

413 2669 445 2745 ἠὲ
468 2668 580 2751 ὑὺρηισι
595 2671 667 2746 -η
694 2669 789 2734 αὑτοῦ
815 2668 901 2734 κατὰ
925 2669 1024 2749 δῶμα.
1133 2691 1136 2698 ’

149 2779 182 2840 ut
208 2775 416 2843 Athenienses
447 2777 594 2844 dicebant
622 2775 724 2858 ὑὺρασι
737 2825 746 2854 ,
771 2761 896 2856 ὑὺραὺεν
921 2779 953 2842 et
976 2774 1098 2858 ὑὺραζε,
1123 2777 1168 2841 sio
1191 2775 1332 2842 Homero

149 2879 260 2964 ιὺρησι,
293 2882 397 2964 ὑὺρηὺε
428 2889 461 2951 et
492 2881 601 2965 ὑὺραζε
626 2888 814 2950 consuetum
837 2887 885 2949 est
908 2882 1022 2950 dicere.
1069 2879 1182 2968 Itaque
1204 2895 1331 2950 exemto

148 2998 160 3053 1
181 2990 381 3057 scribendum
407 2989 518 3071 ὑὺρηει.

185 3195 229 3264 Ut
257 3197 342 3265 nihil
371 3198 455 3285 quod
485 3198 525 3264 ad
556 3198 637 3266 hanc
668 3200 921 3266 observationem
944 3201 1101 3286 pertineat
1124 3203 1274 3267 omittam
1297 3203 1331 3268 ia

144 3301 199 3371 hue
221 3325 338 3392 ponam
361 3303 574 3390 vocabulum,
600 3325 662 3391 quo
685 3304 847 3372 Homerus
866 3326 1025 3392 nusquam
1043 3327 1120 3372 usus
1138 3311 1187 3372 est
1207 3315 1332 3375 ΩΙΟΝ.

143 3407 227 3478 Ioues
246 3414 426 3478 constanter
445 3412 530 3490 ὑϊνν,
552 3409 612 3476 cie
632 3411 797 3496 dicebant,
823 3411 990 3478 Dorienses
1013 3412 1099 3488 ὤεον,
1123 3410 1334 3478 Athenienses

145 3513 204 3597 ᾦὺν.
251 3518 486 3603 Antiquissima
515 3517 620 3584 forma
649 3517 712 3582 fuit
743 3519 840 3596 ὑιινν,
869 3518 953 3585 unde
977 3517 1171 3584 Laconicum
1194 3517 1279 3596 ὑβεα
1304 3523 1336 3584 et

145 3621 340 3701 ὑβενινὺπτας
365 3623 450 3710 apud
472 3622 693 3711 Hesychinm,
717 3628 748 3689 et
772 3624 925 3689 Latinum
949 3647 1042 3690 ocum.
1083 3623 1250 3690 Habemus
1272 3624 1335 3691 duo

145 3726 436 3796 Grammaticorum
467 3735 613 3796 veterum
646 3731 846 3806 testimonia,
883 3749 962 3814 quae
990 3735 1038 3797 est
1060 3733 1334 3816 operaepretium

146 3836 268 3903 audire:
301 3832 445 3932 Etymol.
470 3833 518 3900 M.
543 3855 617 3924 pag.
642 3833 727 3913 822,
755 3832 797 3900 39
821 3836 874 3921 (ex
894 3834 1107 3923 Herodiano):
1132 3837 1276 3901 'ssIONt
1291 3873 1334 3886 -

145 3941 178 4006 τὺ
199 3953 212 4008 1
236 3939 316 4023 ἔχει.
333 3938 512 4020 -ειϊρηται
536 3942 571 4007 τδ
595 3951 608 4006 Ι
632 3941 718 4007 κατὰ
744 3940 886 4010 διιὺςασιν
910 3941 996 4024 παρὰ
1020 3952 1058 4024 τῇ
1085 3947 1229 4025 Σαπφοῖ·

209 4049 291 4132 Φασὶ
317 4046 351 4124 δη
378 4071 454 4113 ποτε
478 4047 586 4122 Λήδαν
610 4048 773 4114 ὑακϊνὺιννν
797 4047 1032 4129 πεπνιιαδμέννν
1056 4047 1150 4130 εὑρεῖν
1173 4049 1247 4114 ιϊϊρν.

187 4156 370 4222 Athenaeus
400 4175 474 4243 pag.
509 4151 562 4222 57.
586 4173 618 4221 D.
645 4157 770 4238 Σαπφὼ
794 4155 825 4221 δὲ
848 4155 927 4221 αὑτὸ
952 4154 1094 4241 (ΩῙΟΝ)
1117 4153 1334 4237 τρισυλλάβως

46 4289 49 4296 ’
150 4269 251 4328 acaci·

413 4365 494 4449 φασὶ
518 4365 554 4442 ac
578 4389 660 4434 ποτε
682 4367 790 4445 Λνὶδαν
814 4367 884 4435 ω’ϊιν
908 4368 1013 4450 εὑρεῖν.

189 4507 232 4526 -
248 4473 309 4540 cisa
332 4471 358 4539 δ’
379 4469 440 4560 ἔφη’
465 4473 680 4560 Ἐτϊχαρμιρ·
