3304 5090
877 337 944 412 192

360 529 438 623 Peg.
473 532 550 599 629.
585 540 692 601 narrat
722 534 836 602 Strabo
865 533 1025 601 Romanos
1054 537 1198 601 nationes
1227 538 1261 600 in
1283 536 1360 601 Asia
1383 534 1510 601 minore

313 641 359 718 μή
395 640 480 706 κατά
510 647 602 724 φῦλα
632 642 755 714 διελεῖν.
788 642 863 706 άλλ’
891 639 990 723 ἕτερον
1013 639 1121 721 τράποι
1145 639 1293 718 διατάξαι
1316 641 1376 712 τοῖς
1399 641 1510 716 διοική-

314 771 397 827 σεις,
443 750 473 813 ἐν
509 743 558 822 αῖς
594 749 653 821 τάς
689 751 888 828 α’γοραιΌΤΕ
923 753 1077 813 ποιοῦνται
1111 750 1163 814 καῖ
1199 749 1256 821 τάς
1292 748 1507 822 δικαιοδοσῖας.

314 856 400 937 Quos
423 856 562 922 Romani
585 856 696 946 dieunt
719 863 877 920 ςοιιοοοιίυε
900 856 1060 933 ῖυοίάὶουι,
1085 855 1198 922 Strabo
1222 856 1379 930 διοικήσεις
1400 855 1507 943 appel-

314 962 371 1027 lat.
417 962 527 1047 Itaque
557 965 724 1048 scripserat
739 958 796 1050 Ιαῖς
821 964 880 1032 τοῖς
904 963 1038 1044 erosae
1062 966 1236 1038 ποιοῦνται,
1261 983 1323 1027 non
1346 962 1408 1034 τὰς
1431 964 1508 1040 ayo-

313 1067 431 1150 ραῖουτ,
456 1071 537 1156 soro
569 1077 671 1152 αρυιοῖ.
719 1068 795 1135 Sine
826 1071 906 1136 vitio
935 1069 1084 1135 scribitur
1106 1089 1180 1157 pag.
1204 1067 1282 1136 237.
1329 1067 1510 1148 Φρέγελλαι

313 1213 354 1224 -
380 1179 431 1240 νῦν
460 1176 516 1254 μὲν
549 1181 654 1254 κώμη,
688 1175 777 1249 πόλις
804 1175 836 1240 δέ
860 1199 935 1241 ποτε
959 1175 1118 1254 άξιάλογος
1143 1175 1196 1239 καὶ
1219 1175 1279 1247 τάς
1303 1176 1425 1246 πολλάς
1448 1183 1508 1242 τῶν

312 1279 381 1359 άρτι
414 1283 581 1363 λεχῖειοιῖν
612 1282 794 1360 περιοικίδας
826 1282 964 1362 πρότερον
997 1283 1172 1364 ἐσχηκυῖα,
1205 1274 1239 1347 ai
1268 1288 1318 1347 νῦν
1340 1283 1384 1354 eir
1408 1281 1508 1356 αὑτήν

309 1386 507 1470 συνέρχονται
532 1391 707 1454 'AI’OPAC
729 1413 765 1454 τε
789 1391 965 1466 ποιούμεναι
989 1389 1041 1453 καὶ
1065 1389 1226 1467 ῖεροποιῖας
1255 1388 1352 1459 τινάς.

358 1496 512 1560 Ποιεῖσάαι
541 1496 659 1576 άγοράς
691 1495 838 1562 dicebant
873 1494 952 1561 olim
988 1495 1214 1573 Athenienses,
1250 1501 1287 1560 ut
1321 1493 1505 1583 Hyperides

311 1603 395 1686 apud
419 1601 606 1687 Harpocrei.
627 1623 649 1668 v
680 1600 810 1681 Ἀγορά.
825 1639 869 1651 -
884 1597 981 1681 ,οὗτοι
1005 1600 1159 1671 πολλάκις
1180 1601 1297 1679 άγοράς
1318 1600 1506 1666 ποιοῦνται.”

310 1707 423 1773 deinde
446 1709 530 1794 quod
553 1707 706 1773 Romanis
730 1714 777 1775 est
791 1709 872 1794 foro
895 1731 982 1790 σροισ
1005 1711 1050 1774 sie
1073 1705 1194 1774 Graece
1217 1708 1336 1774 dicitnr
1358 1714 1391 1774 et
1412 1705 1505 1786 άγειν

310 1813 443 1892 άγοράς,
474 1835 538 1880 nen
567 1815 713 1894 άγοροιῖον
743 1815 796 1882 vel
827 1816 990 1893 άγοραῖους
1022 1814 1130 1892 άγειν,
1161 1835 1276 1900 nempe
1307 1815 1425 1892 ήμέραν
1453 1815 1506 1882 vel

311 1923 441 1998 ἡμέρας.
474 1929 512 1986 nt
541 1921 641 2010 vulgo
665 1921 805 1987 ereditur
828 1920 922 1986 nihili
945 1923 1169 2010 grammaticis
1192 1919 1322 1998 Suidae,
1347 1921 1503 1999 Zonaras,

310 2027 481 2094 similibus.
529 2026 640 2114 Itaque
664 2029 697 2092 in
721 2027 805 2092 Aetia
828 2029 1033 2112 Apostolorum
1053 2026 1142 2092 XIX.
1166 2024 1219 2092 38.
1240 2047 1365 2113 semper
1385 2027 1504 2094 credidi

308 2154 418 2200 veram
442 2133 612 2201 lectionem
635 2134 717 2199 hane
740 2153 824 2200 esse:
850 2134 960 2214 άγοροιῖ
984 2133 1115 2211 άγονται
1140 2134 1192 2198 καῖ
1217 2135 1389 2198 άνῖύπατοῖ
1407 2135 1502 2212 εἰσιν,

309 2261 371 2306 non
402 2241 541 2320 ἀγοραῖοι
572 2238 724 2318 άγινται,
749 2242 838 2305 etin
861 2239 995 2326 epistole
1016 2238 1145 2305 Servilii
1168 2237 1290 2306 Galbae
1314 2239 1399 2325 apud
1422 2239 1504 2306 Iose-

308 2346 410 2431 phum
442 2348 480 2412 A.
513 2346 539 2412 I.
571 2345 657 2411 XIV.
691 2345 743 2412 10.
774 2345 829 2411 21.
861 2346 1029 2428 προσελάάν
1061 2368 1112 2424 μοι
1138 2346 1167 2410 ἐν
1191 2345 1369 2426 Τράλλεσιν
1391 2343 1502 2424 άγοντι

309 2453 365 2526 τήν
389 2453 551 2532 άγορΛΝ,
576 2472 638 2518 non
661 2452 715 2526 τήν
738 2454 893 2533 άγοροιῖον.

354 2693 399 2760 Ut
422 2697 541 2780 passim
566 2697 600 2759 in
624 2695 773 2760 omnibus
794 2694 887 2761 libris
908 2695 978 2776 περῖ
997 2701 1029 2760 et
1048 2693 1135 2772 παρά
1155 2693 1391 2761 confunduntur
1410 2715 1504 2782 prop·

309 2807 357 2866 ter
391 2800 490 2890 siglas
524 2801 601 2867 adeo
636 2803 720 2867 inter
755 2822 788 2866 se
822 2801 944 2866 similes
974 2810 1011 2867 ut
1042 2804 1167 2887 saepius
1198 2821 1260 2865 non
1289 2822 1328 2866 ex
1347 2804 1505 2886 scriptura

217 2901 220 2907 ’
309 2907 435 2974 Codicis
466 2908 521 2974 sed
553 2929 593 2974 ex
623 2913 770 2974 contexta
800 2909 1042 2994 oratione'quid
1067 2911 1222 2993 scriptum
1246 2911 1289 2973 sit
1312 2906 1503 2995 colligatur,

308 3016 353 3080 sic
395 3023 573 3092 παραπλεῖν
612 3021 644 3080 et
678 3024 838 3090 περιπλεῖν
873 3017 1047 3081 sexcenties
1081 3017 1164 3080 inter
1198 3035 1231 3080 se
1267 3021 1499 3100 permutantur.

307 3121 436 3188 Praeter
477 3121 540 3188 loci
583 3125 774 3188 sententiam
808 3121 914 3188 editur
947 3142 1019 3210 ρος.
1058 3119 1132 3186 632.
1172 3119 1186 3184 δ
1223 3129 1411 3192 πΕΡΙπλοιις
1444 3127 1502 3194 τῆς

307 3228 440 3308 Ἰωνίας,
465 3233 498 3295 et
518 3228 725 3294 eximendum
747 3233 795 3294 est
817 3227 903 3294 idem
928 3229 1049 3294 vitium
1072 3247 1146 3316 pag.
1171 3225 1238 3291 644
1262 3233 1294 3292 et
1319 3224 1395 3291 651.

352 3473 389 3538 In
412 3471 601 3537 Mimnermi
623 3468 791 3536 versiculis
814 3488 887 3557 pag.
913 3464 990 3533 634.

444 3581 552 3655 Ἡμεῖς
587 3576 688 3641 αῖπύ
721 3599 763 3639 τε
795 3575 896 3640 Πύλον
920 3575 1061 3649 Νηλήϊον
1083 3571 1144 3642 cieo
1168 3571 1308 3646 λιπόντες

604 3683 728 3762 ἱμερτήν
754 3681 860 3755 ’λοῖην
884 3681 985 3755 νηυσῖν
1009 3679 1200 3760 άφικάμεήα.

307 3791 583 3878 simplicissimum
608 3797 656 3856 est
680 3790 861 3855 emendare:

444 3900 532 3977 ἡμεῖς
557 3898 595 3961 Δ’
620 3903 738 3962 ΑΤΤΕ
760 3893 861 3959 Πύλον
884 3895 1024 3970 Νηλήϊον
1048 3891 1109 3963 άςυ
1133 3892 1288 3965 λιπάντες.

307 4007 390 4096 quod
419 4007 470 4074 his
501 4006 604 4092 poetis
634 4007 667 4069 in
699 4002 757 4068 teli
787 4023 820 4068 re
849 4023 911 4067 usu
941 4005 1054 4068 tritum
1083 4006 1140 4068 est.
1187 3999 1319 4068 Dixerat
1343 3999 1380 4066 de
1405 4000 1497 4081 eliis,

307 4115 422 4202 quibus
446 4114 592 4199 opponit:
625 4117 764 4188 Ἡμεῖς
795 4108 822 4174 δ’
846 4102 922 4173 αὖτε
947 4108 1011 4173 xri.

351 4370 431 4460 Pag.
457 4369 533 4436 644.
558 4365 633 4436 ὅταν
654 4368 725 4452 δοκῇ
750 4391 796 4443 τις
821 4367 974 4451 Πράττειν
997 4366 1035 4432 δι’
1059 4367 1243 4447 άπορρήτυν,
1288 4365 1417 4432 Excidit
1441 4387 1497 4433 vo·

308 4481 380 4551 cula
410 4488 443 4548 et
472 4479 692 4548 scribendum:
716 4475 790 4543 ῖταν
812 4479 883 4562 δοκῇ
907 4479 954 4551 τῖς
978 4485 1022 4542 TI
1047 4475 1202 4559 πράττειν.
1249 4475 1341 4544 Nihil
1365 4484 1413 4543 est
1436 4475 1498 4546 hoe
