3356 5086
701 341 766 413 325

367 537 477 614 ἤτινα
500 539 603 622 πέφνρ
627 537 753 618 Ἀνδρῶν
778 535 795 612 ἢ
821 533 914 610 αύτύς
939 533 1075 620 φύέεται.

154 652 181 712 et
201 659 232 714 Ξ.
257 645 311 714 65.

298 755 495 838 ύφελλες-
509 753 583 833 μηδ’
607 749 692 831 ύομμι
716 750 906 829 εανασσέμεν
932 745 1005 816 οέοιν
1028 748 1090 838 ἄρα
1114 748 1192 822 Ζεύς

369 863 402 926 ὲκ
427 860 564 936 νεύοντος
588 858 681 924 ἔδακε
707 858 758 922 καὶ
785 859 813 930 ἒς
838 867 937 939 γῆρας
961 856 1140 922 τολυπεύειν

368 967 541 1048 ἀργαλέους
566 965 717 1043 πολέμους
742 964 824 1048 ύφρα
848 964 1021 1046 φύιύμεσύα
1045 965 1179 1038 εέιιαςος.

192 1072 278 1154 Quod
302 1073 468 1140 Bekkerue
492 1074 581 1140 dedit
604 1069 654 1138 ύτε
679 1079 744 1138 ιιεΝ
770 1070 973 1151 ξομβλήσεαι
995 1091 1051 1155 pro
1075 1075 1275 1158 Repugnat
1299 1076 1331 1136 et

152 1199 218 1243 oum
247 1177 377 1266 linguae
409 1180 532 1246 lonicae
564 1178 791 1245 consuetudine
822 1183 854 1243 et
886 1199 960 1244 cum
987 1177 1113 1242 disertis
1136 1173 1329 1243 Criticorum

149 1289 288 1351 veterum
319 1287 513 1352 testimoniis
543 1307 579 1352 ae
609 1288 794 1371 praeceptis.
841 1283 969 1349 Scholia
994 1280 1113 1348 Veneta
1135 1282 1175 1347 ad
1197 1302 1227 1349 u.
1254 1281 1329 1350 756.

151 1387 257 1472 ἦρχες
288 1391 382 1472 χωρὶς
413 1397 466 1457 τοῦ
498 1401 528 1457 Ν
560 1392 594 1457 τὸ
625 1387 700 1472 ἦρχε
732 1390 783 1455 δύο
808 1391 842 1455 τὸ
867 1387 1061 1471 ἐπιφέρεσθαι
1086 1388 1137 1453 δύο
1160 1389 1328 1471 σύμφωνα.

150 1503 179 1562 et
208 1499 246 1562 ad
277 1509 309 1562 Β.
344 1495 420 1564 671.
452 1495 547 1577 cipe:
578 1498 673 1579 χωρὶς
698 1501 751 1562 τοῦ
775 1505 805 1561 Ν
830 1487 864 1560 τύ
889 1494 952 1574 ἄγε
977 1496 1029 1561 καὶ
1052 1494 1192 1560 ὍΛΩΕ
1216 1497 1270 1576 ἐφ’
1293 1494 1330 1562 ύν

148 1604 187 1667 τοὶ
220 1601 428 1685 ἐπιφερόμενα
465 1603 548 1691 (add.
585 1603 650 1688 δύο)
686 1601 843 1684 σύμφωνύ
879 1604 923 1670 ε’ςι
958 1602 992 1666 τὸ
1029 1602 1061 1666 εἰς
1097 1610 1152 1676 τῆς
1184 1602 1330 1684 προτέρας

148 1709 251 1786 λέξεως
283 1709 447 1791 σύμφωνον
477 1709 690 1790 περιαιρετέον.
738 1708 791 1774 Sic
822 1705 929 1774 Codex
953 1709 991 1772 A.
1038 1705 1120 1773 Item
1146 1709 1182 1773 Β.
1207 1705 1258 1773 ὅτε
1283 1709 1332 1774 δύο

149 1815 296 1898 σύμφωνα
343 1819 359 1891 οἱ
401 1817 548 1894 σνλλαβέρ
585 1816 743 1894 ε’ποέγεται
776 1813 999 1892 περιγραπτέον
1034 1817 1128 1896 (αὐτῇ
1165 1814 1241 1896 del.)
1275 1823 1330 1890 τῆς

149 1923 289 2002 προτέρας
320 1920 355 1984 τὸ
387 1921 562 2004 σύμφωνον.
610 1920 767 1986 Similiter
790 1925 939 2005 sequente
963 1929 983 1982 P
1011 1919 1138 1984 inutilis
1161 1941 1332 1988 consonans

149 2035 176 2090 N
197 2047 257 2093 non
280 2028 445 2093 scribenda
468 2029 651 2094 Aristarcho
674 2033 802 2093 auctore
825 2025 865 2090 ad
888 2025 980 2092 iliad.
1004 2033 1044 2090 T.
1071 2024 1125 2090 90.
1149 2022 1205 2102 ἔξω
1229 2033 1282 2092 τοῦ
1302 2037 1332 2093 N

150 2134 180 2197 αἱ
209 2132 395 2215 ’λριτοὶρχον
429 2135 538 2212 »ἄλλα
570 2135 602 2200 τί
625 2144 679 2200 ΚΕ
703 2132 853 2216 ρ’ἕξαιμι.”
900 2128 990 2198 Oonf.
1015 2131 1055 2196 ad
1079 2143 1112 2200 Ξ.
1137 2129 1213 2196 456.
1240 2131 1332 2208 ούτοις

149 2235 267 2320 κέμιζ
274 2265 289 2304 ε
323 2237 396 2306 ἄνευ
419 2243 472 2305 τοῦ
496 2248 537 2306 N.
564 2247 595 2307 et
620 2251 664 2306 Ω.
692 2239 767 2305 565.
792 2240 825 2304 ού
850 2237 912 2318 γάρ
937 2248 991 2303 ΚΕ
1014 2238 1108 2312 τλαέν
1136 2236 1331 2319 ’λρέςαρχος

25 2431 26 2436 ¹
150 2344 224 2425 Quia
251 2345 334 2412 duae
357 2351 561 2413 consonantes
586 2345 747 2432 quaelibet
771 2348 846 2410 etP
874 2343 958 2430 apud
980 2344 1070 2410 Iones
1093 2345 1334 2430 praecedentem

148 2450 273 2517 brevem
296 2453 476 2539 producunt
499 2473 694 2539 supervacua
717 2456 765 2518 est
788 2459 817 2516 N
842 2453 875 2515 in
898 2449 950 2515 his
974 2452 1131 2516 omnibus.
1169 2450 1334 2516 Beklrerus

149 2564 316 2625 sexcenties
348 2563 498 2624 adversus
528 2561 605 2626 haec
635 2560 780 2646 peccavit
811 2563 849 2622 ut
882 2560 917 2621 in
938 2553 990 2621 dre
1013 2565 1096 2622 ΚΕΝ
1119 2555 1333 2637 ξομβλύσεαι.

148 2664 293 2732 Indicabo
327 2665 463 2752 paucula
498 2667 537 2732 de
575 2665 708 2744 multis;
746 2663 860 2751 Odyss.
896 2687 930 2743 y.
969 2661 1023 2727 53.
1058 2664 1149 2728 δῶκεν
1183 2663 1333 2746 χρύσειον.

149 2771 173 2853 ζ.
199 2772 274 2837 159.
300 2772 436 2838 ἐέδνοισιν
460 2773 582 2851 βρίσας.
609 2788 641 2838 λ.
667 2770 742 2836 106.
768 2795 819 2835 κεν
843 2777 970 2850 πρῶτον.
995 2793 1020 2834 ο.
1046 2769 1122 2834 524.
1143 2767 1172 2834 εἴ
1191 2770 1225 2834 κέ
1246 2775 1335 2853 σφιΝ

149 2879 200 2959 πρὸ
228 2879 353 2956 γάμοιο.
388 2902 415 2942 σ.
449 2877 526 2944 255.
559 2904 610 2944 κεν
642 2877 739 2950 κλέος.
787 2877 829 2941 nt
860 2881 933 2942 ante
957 2887 990 2940 P.
1016 2875 1126 2963 Odyss.
1152 2876 1178 2941 ὃ.
1204 2874 1280 2942 659.
1304 2879 1337 2944 τέ

149 3009 197 3049 ιιεν
225 2983 330 3066 ῥέξειε.
364 3011 390 3060 n.
421 2983 475 3050 63.
500 2983 602 3049 έτεκεν
626 2983 803 3063 Ῥιρξύνορα,
831 3007 867 3061 μ.
894 2979 968 3048 107.
994 3006 1044 3047 κεν
1068 2983 1200 3064 ρ’ύσαιτσ.
1248 2983 1337 3052 Haeo

148 3093 246 3180 igitur
265 3091 439 3178 etreliqua
460 3093 692 3158 eiusdemmodi
716 3092 823 3156 omnia
846 3089 885 3154 ad
909 3087 1032 3154 Ionicae
1054 3087 1184 3179 linguae
1208 3111 1336 3158 consuc-

149 3198 289 3265 tudinem
313 3205 387 3264 sunt
411 3199 646 3264 conformanda.

190 3303 238 3369 Hx
265 3305 324 3370 hac
346 3303 536 3370 Homericae
558 3305 690 3392 linguae
714 3305 819 3387 copia,
844 3306 881 3366 ut
906 3303 940 3364 in
963 3300 1035 3366 aliis
1059 3302 1187 3378 multis,
1212 3304 1335 3369 videbis

149 3430 261 3495 paucas
292 3409 446 3495 quasdam
475 3410 625 3496 reliquias
654 3412 690 3474 in
720 3429 862 3475 sermone
886 3409 993 3472 Attico
1015 3410 1213 3474 remansisse.
1260 3413 1336 3485 Ἐρο-

150 3517 312 3594 πΙμπλνμι
344 3521 376 3582 et
407 3516 583 3593 ένεπλύμνν
611 3517 730 3580 Atticis
761 3536 834 3580 cum
864 3513 1007 3579 Homero
1038 3517 1221 3579 communia
1252 3521 1334 3578 sunt.

150 3623 372 3709 Aristophanes
404 3623 501 3690 habet
524 3622 685 3706 έμπλνσο,
711 3621 899 3704 έμπλῄμνν,
925 3619 1083 3703 ε’μπλῇτο,
1108 3617 1160 3708 (cx
1181 3619 1338 3706 palmaria

150 3727 284 3796 Dawesii
308 3729 529 3796 emendatione
551 3732 586 3793 in
608 3727 778 3814 Ιιροὶοοιοοα
800 3749 846 3792 vs.
873 3725 949 3791 235.

374 3837 399 3901 el
424 3836 454 3901 ll
478 3834 660 3916 παραβαίην
684 3832 794 3906 ὕδατος
820 3834 954 3916 ἐμπλῇθ’
980 3834 996 3909 ἦ
1021 3833 1122 3911 κύλιξ.

150 3962 203 4028 pro
234 3943 397 4026 ε’μπλνσύῇ
422 3941 537 4024 κύλιξ.)
562 3942 760 4020 έμπλῆσύαι,
786 3941 994 4018 ἐμπλήμενος.
1031 3937 1230 4017 Ἐνεπλύμνν
1254 3939 1338 4026 apud

150 4048 267 4114 multos
285 4049 421 4136 legitur,
442 4050 526 4116 unde
546 4048 661 4135 Lysiae
681 4047 893 4113 reddidimus:
915 4045 1021 4120 ἐπειδὴ
1037 4044 1161 4124 τύχιςα
1174 4043 1337 4122 ε’νέπλνντο

151 4174 204 4240 pro
235 4155 438 4230 ἐνεπέπληντο
471 4158 505 4219 in
536 4155 614 4219 Νοο.
646 4155 740 4220 lectt.
771 4173 845 4241 pag.
878 4149 955 4218 226.
989 4157 1026 4217 ut
1052 4151 1136 4238 apud
1158 4149 1338 4219 Homerum

154 4267 188 4325 Φ.
213 4258 292 4327 607.

467 4363 565 4432 πύλαι
589 4367 614 4431 δ’
640 4363 799 4446 έμπλνντο
822 4364 983 4431 εαλέντοιν.

195 4472 317 4540 Vitiosa
351 4474 529 4540 scribarum
565 4474 759 4539 consuetudo
796 4477 827 4538 et
862 4471 947 4559 apud
981 4469 1160 4536 Homerum
1192 4479 1224 4538 et
1255 4473 1338 4566 apud
