3304 5090
694 373 758 448 1⁶9

126 567 162 629 in
185 563 263 630 latis
284 565 484 632 membranis
506 566 549 640 είς
573 566 690 640 αοίλλος
712 563 925 646 γεγραμμένοι
949 564 1054 633 literis
1077 565 1240 652 quadratis
1259 567 1328 635 sive

126 670 307 738 uncialibus
338 693 459 762 magna
486 693 561 739 cura
591 679 624 740 et
654 678 721 740 nte
752 677 842 738 erant
874 673 1043 758 eleborati5
1076 672 1133 738 alii
1161 675 1202 746 είς
1226 673 1327 754 τάχος

128 775 344 856 γεγραμμένοι
377 779 429 843 διδ
453 777 586 856 σημείων
610 783 738 846 minuta
761 779 816 844 sed
838 777 1036 865 perelegunti
1059 781 1217 865 scripture
1239 777 1328 844 hebi·

129 884 178 950 les
201 883 242 948 ad
263 903 418 959 manum,
438 904 501 950 non
520 887 633 973 magni
650 885 815 971 ponderis,
827 886 912 950 notis
923 895 956 949 et
967 885 1163 970 compendiis
1174 885 1327 950 distincti.

131 990 180 1058 De
209 989 269 1055 illo
297 1010 414 1077 genere
445 989 599 1056 Libanius
630 989 742 1056 scribit
764 987 789 1054 1.
819 988 895 1056 214.
920 988 950 1055 2.
975 988 1094 1068 ιἰγετοιι
1118 990 1168 1054 ἐπὶ
1192 991 1246 1064 τίρν
1270 997 1329 1056 τῶν

130 1094 228 1174 νίμμν
263 1094 397 1172 μσίίνσνν
434 1097 550 1183 (sermo
585 1101 633 1162 est
669 1096 708 1162 de
741 1094 938 1161 adolescente
973 1099 1028 1181 qui
1062 1096 1330 1181 iurisprudentiae

129 1222 260 1288 operam
293 1201 428 1267 daturus
457 1203 492 1266 in
521 1201 731 1289 Berytensem
763 1200 907 1266 scholam
933 1203 1091 1286 mittitur)
1116 1239 1158 1252 -
1184 1200 1329 1284 διφθέρας

132 1309 190 1385 μὲν
213 1315 404 1372 11111161Αο
423 1330 458 1370 τε
479 1308 531 1372 καί
553 1315 775 1374 HAATEIAC
795 1306 838 1372 rol
860 1306 982 1385 γόνατα
994 1306 1189 1388 βαρυνονίσοις
1202 1306 1327 1392 ἔφερεν,

132 1414 224 1500 plane
247 1417 288 1478 nt
309 1411 530 1500 Hieronymus
550 1413 634 1478 dixit
652 1416 727 1479 noto
747 1410 833 1480 loco:
861 1412 1009 1490 „helmet
1028 1419 1081 1500 qni
1097 1414 1201 1478 οοίνιιί
1219 1421 1330 1480 σείσειε

134 1521 225 1584 libros
257 1519 294 1582 ιἰι
324 1519 499 1584 ueteranis
529 1519 691 1602 ἅσεοίὶρίοε
721 1519 905 1603 undelibet,
937 1520 1329 1601 tenerescentium

135 1647 226 1690 ονιεο
248 1629 343 1706 scopis
366 1631 490 1690 οαοσοίο
513 1647 600 1712 quarn
624 1623 765 1689 codices.”

178 1731 261 1798 Tam
291 1734 406 1820 magni
436 1731 584 1817 ponderis
606 1731 705 1796 libros
727 1728 848 1797 servuli
869 1731 1000 1796 tumoris
1021 1732 1200 1818 gestabant.
1235 1731 1327 1799 i'om.

135 1838 189 1904 ΠΙ.
223 1835 301 1903 145.
337 1838 367 1902 1.
399 1842 457 1902 τῶν
483 1839 607 1902 οἰκετῶν
631 1871 675 1885 -
699 1829 726 1901 oi
748 1835 873 1917 φέρουσι
897 1837 940 1916 τῷ
964 1835 1052 1902 παιδὶ
1076 1837 1118 1900 τοὶ
1141 1838 1271 1917 βιβλία.
1295 1845 1328 1906 et

135 1944 173 2012 lI.
192 1943 249 2010 81.
274 1942 304 2008 l.
329 1946 354 2008 οί
374 1944 417 2008 rei
436 1943 554 2021 βιβλία
571 1951 635 2016 τοῖς
658 1943 731 2015 νέοις
752 1944 828 2009 'en’
845 1945 1003 2008 ὮΜΩΝ
1026 1944 1181 2024 φέροντες.
1205 1942 1328 2032 Magno

136 2052 314 2118 constitisse
349 2047 482 2136 colliges
514 2070 554 2114 ex
589 2047 680 2114 Tem.
716 2047 760 2114 Π.
799 2046 875 2114 289.
913 2049 1089 2124 eventum
1124 2048 1168 2112 τίν
1202 2050 1327 2116 είσίίτα

136 2156 253 2235 βιβλία
283 2180 321 2219 τε
352 2154 508 2232 ὠνούμενοι
541 2155 594 2219 καί
622 2156 729 2232 μισθὸν
760 2159 931 2227 τελοῦντες.
967 2152 1068 2221 Pauci
1099 2154 1230 2240 quidum
1252 2154 1329 2221 libri

137 2265 173 2330 de
202 2281 322 2352 genere
351 2260 411 2326 hoc
442 2259 537 2348 longe
567 2262 779 2327 vetustissimi
811 2260 851 2326 ad
881 2265 1022 2326 nostram
1054 2265 1193 2326 aetatem
1215 2262 1329 2346 perdu-

135 2375 254 2436 rerunt.

179 2475 324 2542 Alterius
347 2477 472 2562 generis
494 2475 615 2540 librum
642 2475 791 2552 brevem,
816 2473 940 2559 levem,
964 2474 1106 2542 habilem
1131 2476 1171 2542 ad
1194 2495 1328 2540 manum

136 2583 248 2650 multis
280 2580 447 2666 descripsit
477 2580 631 2646 libanius
653 2579 744 2646 'lom
766 2579 791 2645 Ι.
818 2578 894 2646 100.
921 2581 1006 2647 unde
1028 2602 1129 2667 peuce
1150 2582 1328 2668 proferam:

137 2686 171 2764 ἦν
190 2714 242 2768 μοι
266 2687 397 2777 (inquit)
424 2689 441 2761 ἡ
467 2687 649 2752 Θουκυδίδου
681 2687 856 2767 συγγραφὴ
886 2688 1070 2767 γράμματα
1093 2690 1150 2767 μὲν
1175 2689 1203 2752 ἐν
1227 2684 1330 2766 μικρο-

136 2821 204 2872 σνρτι
228 2796 406 2876 χαρίεντα,
430 2796 465 2859 τδ
490 2794 521 2859 δὲ
544 2795 674 2871 σύμπαν
699 2789 774 2858 οὕτω
793 2793 892 2876 ῥοίδιον
912 2795 1015 2874 φέρειν
1035 2791 1087 2862 ὥτ’
1108 2795 1201 2866 αὐτὸς
1222 2791 1329 2874 ἔφερον

137 2905 244 2975 παιδὸς
266 2902 521 2972 σίκολουίοῦντος·
546 2899 598 2965 καὶ
623 2900 657 2964 τὸ
681 2899 804 2982 φορτίον
827 2898 933 2982 τέρψις
958 2896 1002 2974 ἦν.
1049 2899 1131 2966 'Pam
1153 2900 1260 2967 multu
1280 2905 1329 2965 eet

137 3013 256 3076 mentio
280 3013 314 3074 ct
336 3006 420 3094 apud
445 3003 605 3072 Galenum
625 3015 657 3070 et
680 3005 765 3089 apud
788 3006 896 3091 ipsum
919 3005 1092 3070 libanium
1112 3006 1326 3082 τῶνσνμείον,

137 3117 252 3202 quibus
274 3117 301 3180 οί
325 3115 368 3184 είς
399 3111 500 3191 στίχος
527 3111 704 3191 γράφοντες
736 3112 805 3176 sive
832 3111 858 3174 οί
887 3111 1113 3192 σνμειογριίφοι
1135 3113 1327 3190 utebantur,

137 3226 173 3288 ut
201 3219 307 3286 facilis
329 3221 373 3285 sit
396 3219 576 3284 coniectura
599 3237 678 3303 opus
704 3215 950 3303 Thucydideum
969 3218 1004 3281 in
1024 3223 1093 3283 tarn
1113 3219 1244 3284 brevem
1262 3237 1330 3284 rno-

136 3327 201 3394 lem
220 3331 420 3392 contractum
432 3322 653 3409 huiuscemodi
664 3324 749 3388 notis
761 3321 1020 3407 compendiisque
1032 3329 1198 3389 exaratum
1210 3325 1325 3402 fuisse,

138 3453 216 3519 qnae
239 3434 401 3498 cernimus
419 3431 454 3494 in
471 3428 538 3494 illis
557 3425 746 3506 (lodicibus,
766 3431 823 3513 qui
841 3427 996 3514 permulti
1015 3435 1153 3496 nentem
1173 3431 1328 3497 tulenmt.

137 3539 247 3625 Itaque
278 3539 379 3603 etiam
410 3537 445 3600 in
470 3537 514 3600 iia
544 3533 653 3612 libris,
685 3536 742 3619 qui
775 3533 889 3600 multis
924 3534 1059 3600 saeculis
1092 3541 1165 3619 ante
1198 3532 1330 3602 Oodioes

137 3645 230 3712 hodie
266 3644 454 3728 superstites
484 3642 594 3725 scripti
624 3639 772 3716 inerunt,
804 3639 915 3705 eadem
946 3645 994 3705 est
1026 3640 1142 3725 triplex
1175 3644 1331 3708 vitiorum

138 3753 243 3839 origo:
276 3753 335 3816 aut
365 3746 491 3814 litterae
522 3746 694 3831 quadratae
724 3744 827 3810 forma
856 3747 939 3810 inter
961 3766 994 3810 se
1017 3745 1140 3814 similes
1163 3747 1331 3813 confunde·
1444 3765 1449 3772 ·

138 3857 270 3932 bantur,
308 3859 366 3919 aut
400 3873 440 3918 ex
473 3851 670 3937 compendiis
703 3850 789 3916 mele
823 3848 915 3916 lectis
950 3857 1006 3915 aut
1039 3851 1125 3917 mele
1158 3851 1331 3919 intellectis

138 3962 253 4028 menda
275 3960 499 4036 nascebantur,
526 3957 683 4024 aniliter
702 3956 837 4022 detritus
854 3962 887 4021 et
905 3976 1051 4042 petrosus
1069 3955 1212 4044 fugiente
1233 3959 1329 4044 scrip·

137 4073 208 4134 tura
223 4070 260 4132 in
278 4065 363 4132 libro
386 4067 479 4130 rimis
502 4064 668 4128 fatiscente
691 4065 903 4128 correctorum
925 4061 1035 4128 futiles
1058 4067 1090 4127 et
1113 4065 1237 4147 ineptas
1260 4083 1328 4130 con·

136 4174 275 4240 tecturas
295 4170 454 4238 eliciebat.
491 4170 660 4236 Praeterea
680 4168 875 4234 emblemate
898 4174 930 4234 et
952 4169 1109 4234 lectorum
1129 4174 1331 4237 annotatiun-

137 4279 245 4352 culae.
281 4282 315 4344 et
349 4281 495 4345 veterum
525 4275 696 4342 verborum
724 4275 1014 4359 interpretationes,
1047 4279 1079 4340 et
1113 4273 1331 4345 additamento

136 4405 230 4451 omne
261 4403 366 4472 genus
396 4381 526 4468 perinde
554 4380 628 4449 illos
657 4379 756 4447 libros
786 4383 909 4447 veteres
940 4399 977 4450 oc
1006 4383 1129 4446 nostros
1152 4399 1331 4451 commacu·

138 4488 256 4556 labant.
