3308 5090
703 389 745 463 79

173 581 258 671 Pag.
289 583 367 651 205.
401 584 433 651 8.
466 585 529 652 οὐδ’
562 585 600 651 lo
633 585 719 663 ὑμεῖς
752 584 922 660 ἠθελήσατε
955 585 1050 660 δήπου
1079 585 1182 667 σώζειν
1212 581 1324 658 αὐτοὺς

126 689 154 751 εῖ
175 693 269 753 τοῦτο
288 690 458 772 προῦλεγον
478 693 549 770 ὑμῖν
570 687 616 757 ότι
638 692 781 764 σωθέντες
802 692 856 756 ε’άν
876 693 920 770 μῖρ
939 699 1034 757 ποιεῖν
1055 690 1088 765 ό,
1110 716 1140 755 τι
1157 693 1325 770 βούλονται

130 794 179 880 (S.
211 796 402 880 βούλωνται)
436 797 532 864 πάλιν
563 799 674 870 αὐτοὺς
707 799 780 863 ἐάπε
807 799 873 884 [καῖ
907 799 1056 882 άδικεῖν],
1087 799 1231 874 οὐδεμίαν
1254 799 1325 876 ὑμῖν

129 901 227 981 χάριν
252 899 350 977 ἕξουσι
375 913 431 979 τῆς
455 905 615 983 σωτηρίας.
663 903 806 970 Emenda
826 911 920 968 ποιεῖν
942 899 973 980 θ,
995 929 1023 967 τι
1042 903 1118 968 ”AN
1138 905 1322 982 βούλωνται.

130 1006 328 1092 Saepissime
360 1007 398 1073 άν
429 1011 586 1074 incertum
619 1030 681 1094 qua
712 1009 752 1074 de
781 1029 875 1074 eausa
905 1010 938 1073 in
967 1007 1081 1074 Codice
1106 1009 1129 1074 S
1152 1013 1323 1076 omittitur.

131 1113 169 1177 In
201 1117 271 1199 ipso
301 1115 416 1180 limine
446 1115 575 1180 odendit
606 1115 745 1180 scribens
776 1114 825 1178 ἐπὶ
851 1123 993 1189 πολλῶν,
1020 1111 1040 1178 ὦ
1064 1114 1169 1191 ἄνδρες
1195 1137 1250 1202 pro
1275 1117 1325 1180 ἐπὶ

132 1228 257 1284 πολλῶν
285 1223 374 1285 ''AN.
406 1222 558 1286 Animosa
591 1225 623 1285 el
645 1221 750 1285 odiose
774 1219 893 1285 dieitur
917 1217 949 1297 ό,
974 1246 1002 1285 τι
1028 1220 1065 1284 άν
1089 1221 1263 1298 βούλωνται
1289 1223 1327 1287 de

132 1330 192 1402 iis,
213 1329 270 1411 qui
290 1349 329 1392 ex
348 1348 405 1391 aua
424 1325 558 1391 libidine
568 1327 700 1411 ferinos
719 1328 870 1412 quodlibet
887 1333 1086 1412 perpetrant.
1109 1332 1216 1412 itaque
1229 1330 1327 1392 miror

133 1454 197 1518 quo
216 1439 311 1518 paeto
330 1432 537 1496 manifestum
557 1432 717 1498 emblema
735 1432 788 1498 καῖ
809 1434 923 1498 άδικεῖν
946 1441 1054 1498 acutos
1072 1435 1208 1500 Dobraei
1221 1433 1328 1499 oeulos

133 1549 224 1616 (nem
257 1540 374 1603 caeteri
404 1558 466 1603 non
500 1545 574 1602 sunt
598 1539 769 1602 admodum
795 1542 972 1624 suspioaoes
995 1545 1050 1604 aui
1073 1539 1164 1604 libris
1187 1542 1328 1605 nimium

133 1645 282 1724 eredunt)
314 1643 453 1730 effirgere
483 1646 632 1728 poluerit.
679 1643 790 1709 Vertat
821 1645 905 1708 mihi
936 1645 1052 1729 aliquis
1081 1645 1187 1711 looum
1213 1645 1329 1710 Demo·

132 1753 256 1818 sihenis
288 1753 323 1814 in
353 1749 500 1836 linguam
533 1769 625 1813 suam
657 1756 689 1814 ei
720 1753 834 1815 sentiet
862 1772 894 1815 se
925 1772 962 1816 ea
987 1751 1084 1816 verba
1107 1755 1242 1818 retinere
1266 1773 1329 1818 non

131 1879 231 1944 posse.
284 1855 376 1937 Quod
409 1856 494 1920 enim
520 1854 619 1920 semel
642 1861 726 1920 reete
749 1860 782 1921 et
805 1858 919 1922 aeriter
942 1861 1147 1923 enunoiemm
1171 1864 1219 1923 esi
1242 1858 1328 1922 idem

132 1963 255 2029 insulse
288 1969 321 2027 ei
350 1960 475 2027 inficeto
506 1961 707 2049 languidiore
737 1963 834 2028 verbo
865 1965 1036 2047 repetitum
1069 1966 1102 2027 in
1133 1967 1199 2028 suia
1224 1967 1329 2030 verbis

133 2090 198 2135 nou
220 2070 320 2135 leret:
342 2067 438 2152 idque
461 2066 709 2133 Demosthenem
733 2067 845 2132 inlisae
869 2067 1036 2153 putemus!

180 2175 339 2242 Videmus
373 2173 411 2238 άν
446 2173 531 2239 male
566 2176 738 2249 omissum,
776 2174 940 2238 ostendam
972 2179 1004 2238 et
1034 2177 1148 2240 vitiose
1181 2175 1327 2240 additum

133 2304 209 2370 pag.
244 2280 345 2346 1041.
376 2279 431 2346 21.
462 2287 544 2344 ποιεῖ
573 2275 590 2342 ό
619 2303 649 2344 τι
683 2279 721 2343 ev
744 2279 898 2358 βούληται
922 2282 981 2360 οὐχ
1006 2277 1074 2345 ότι
1094 2277 1169 2344 *AN
1194 2281 1220 2346 οῖ
1247 2279 1329 2357 νόμοι

135 2389 311 2454 κελεύωσιν.
344 2385 368 2451 S
400 2385 592 2462 κελεύουσιν,
623 2388 763 2470 optime,
788 2391 821 2451 at
845 2384 973 2451 tudela
997 2385 1052 2462 άν,
1078 2387 1161 2470 qnod
1184 2406 1246 2452 non
1270 2387 1331 2451 feri

135 2497 313 2570 sententia,
339 2495 488 2578 quoniam
511 2491 623 2580 legum
646 2499 813 2577 praecepta
836 2512 899 2557 non
923 2501 997 2556 sunt
1019 2491 1192 2557 indefinita.

183 2706 264 2794 Pag.
286 2704 364 2770 205.
386 2703 439 2768 20.
461 2707 486 2770 sl
507 2702 709 2794 [συμμάχους
730 2704 919 2780 ποιησόμεθα
940 2703 1095 2783 ’λριιάδας
1115 2705 1201 2790 ΚΑΙ]
1226 2709 1331 2769 ταῦτα

137 2811 315 2893 πράξομεν,
346 2810 611 2886 μεταβάλλεσθαι
645 2809 722 2886 δόξει
755 2811 807 2874 καὶ
840 2811 922 2875 οὐδὲν
954 2807 1037 2889 ἔχειν
1070 2813 1155 2878 πιςδν
1189 2814 1205 2884 ἡ
1231 2811 1331 2878 πόλις.

137 2921 232 2986 Nune
252 2919 383 3004 quidem
402 2917 565 2984 Dobraeus
584 2916 737 3004 vigilavit
758 2922 790 2980 et
808 2916 949 2982 alienum
969 2937 1110 3001 pennum
1127 2918 1331 2982 resecandum

137 3047 206 3092 esse
239 3022 374 3090 verbulo
413 3044 541 3089 monere
575 3026 653 3088 satis
687 3023 810 3087 habuit.
857 3022 900 3086 nt
932 3027 997 3096 esi,
1033 3022 1142 3098 oredo,
1175 3043 1224 3088 res
1256 3025 1333 3088 satis

136 3130 309 3196 manifeste
328 3149 386 3194 neo
416 3129 531 3193 multis
562 3128 668 3193 verbis
684 3129 819 3215 indiget.
852 3126 966 3192 Paullo
987 3143 1059 3192 ante
1080 3127 1201 3192 dixerat
1222 3125 1334 3193 Orator

138 3257 212 3323 pag.
245 3233 323 3300 205.
361 3232 412 3298 14.
443 3234 478 3297 τδ
509 3234 580 3305 τοὺς
611 3233 766 3310 Ἀρκάδας
800 3235 883 3310 ἡμᾶς
915 3233 1105 3312 συμμάχους
1130 3234 1331 3309 ποιήσασθαι,
1415 3259 1419 3271 ·

138 3363 223 3408 nune
256 3342 295 3406 de
328 3340 437 3405 eadem
460 3361 494 3404 re
518 3339 615 3405 dicit:
642 3341 667 3403 ιῖ
691 3344 825 3404 ταῦτα
849 3336 1015 3418 πράξομεν.
1061 3339 1195 3405 Addidit
1218 3339 1334 3426 aliquis

138 3447 279 3535 puerilia
310 3447 389 3512 haee
420 3445 611 3525 συμμάχους
636 3445 823 3524 ποιησόμεθα
849 3444 1023 3524 Ἁρμόδιος,
1049 3465 1128 3530 quae
1152 3447 1185 3509 in
1209 3445 1334 3511 alienis-

141 3557 258 3619 simam
294 3553 402 3616 sedem
437 3554 649 3636 irrepserunt,
682 3554 832 3636 quoniam
865 3555 935 3616 ΚΑΙ
966 3556 1070 3615 ταῦτα
1103 3549 1258 3629 πράξομεν
1289 3555 1335 3617 sio

141 3661 235 3746 plane
267 3678 363 3723 sensu
385 3677 525 3724 vacuum
547 3663 604 3723 est.
652 3654 716 3722 Sed
739 3663 776 3721 ui
799 3659 833 3720 in
857 3678 890 3722 re
912 3660 1077 3743 perspicua
1100 3678 1193 3742 pareo
1216 3660 1333 3724 verbis.

185 3863 437 3955 Nonnumquam
458 3865 568 3934 (lodex
589 3866 612 3932 S
633 3889 689 3934 nos
709 3867 795 3934 fallit
817 3873 848 3934 et
867 3889 923 3953 pro
942 3889 1017 3934 vora
1037 3869 1171 3932 lectione
1184 3871 1334 3934 vitiosam

143 3978 274 4044 exhibet
303 3997 406 4060 neque
436 3974 583 4041 Editoras
613 3977 690 4039 satis
721 3975 780 4039 hou
812 3979 913 4062 agunt
943 3978 975 4039 et
998 3995 1128 4038 oaeoum
1152 3974 1265 4038 ducem
1289 3995 1333 4039 sa-

143 4089 293 4170 qnuntur.
342 4081 401 4146 list
435 4084 469 4145 in
504 4081 653 4145 omnibus
685 4080 778 4145 libris
812 4100 886 4166 pag.
921 4077 997 4144 206.
1035 4079 1065 4144 2.
1101 4080 1178 4144 haeo
1213 4083 1336 4165 optima

143 4189 256 4256 lectio:
290 4189 467 4267 Φανήσεται
491 4187 533 4250 τά
558 4186 740 4265 πράγματα
765 4187 816 4250 διά
841 4187 910 4256 τοὺς
936 4186 1018 4249 ἈΕΙ
1044 4196 1237 4251 πλεονεκτεῖν
1259 4187 1334 4264 βου·

145 4293 288 4372 λομόνους
323 4289 616 4371 μεταβαλλόμενα,
642 4293 702 4371 οὐχ
726 4295 743 4366 ἡ
768 4291 858 4364 πόλις
884 4296 976 4367 ἡμῶν.
1025 4287 1119 4356 Solus
1142 4289 1165 4357 S
1189 4293 1337 4360 dissent-ii

145 4405 178 4466 ei
200 4401 248 4464 άεῖ
274 4398 326 4464 διά
349 4396 419 4468 ποθι
444 4397 573 4462 exhibeo
597 4398 705 4464 ordine
734 4401 865 4482 vitioso,
890 4399 974 4483 quod
992 4396 1077 4462 male
1095 4408 1258 4484 receptum
1278 4409 1336 4466 ast.

146 4505 244 4592 Saepe
265 4505 316 4570 άεῖ
338 4505 383 4568 sio
401 4508 472 4588 post
492 4503 666 4570 articulum
687 4503 990 4571 collocetumaiiam
1011 4504 1045 4567 in
1065 4501 1206 4570 Smutei
1218 4507 1336 4576 sedem.
