3356 5086
814 293 816 298 ’
893 303 960 371 298

331 494 386 560 σὺν
416 493 458 572 τῷ
486 493 563 573 έῷτω
587 493 684 560 eoribi
707 492 842 559 debebat
864 495 1004 578 Πετεῷν,
1029 494 1201 576 Πνυελέῳνε
1227 501 1276 562 eet
1300 495 1386 562 euim
1410 491 1523 562 termi-

330 605 417 668 natio
438 637 480 650 -
502 623 541 664 ων
561 599 715 685 producta
725 600 830 684 prima
841 599 944 666 vocali
956 601 1102 670 ἀττνκνςέ.
1125 601 1310 668 Promieoue
1321 601 1464 676 Πηνέλεω
1477 641 1520 652 -

331 707 505 788 Πηνελέωο,
530 708 633 770 Πετεώ
647 707 839 784 -Πετεῷυ,
863 707 1023 787 Τυνδνέρεω
1048 714 1080 773 et
1103 708 1275 790 Τυνδωρέῳυ
1300 709 1363 775 diei
1385 715 1521 794 poterat.

332 812 417 894 Quid
436 817 545 878 autem
568 811 655 876 aliud
676 817 725 878 est
742 813 897 884 Ἀττικοῖς
917 811 1086 892 erepere
1100 816 1254 899 seriptum
1266 823 1520 881 neneneoro

332 939 429 1004 quam
453 917 619 997 Πηνελέωο.

379 1021 444 1090 Gur
462 1030 571 1090 eutem
591 1023 694 1088 forma
713 1021 881 1102 Τννδνέρενς
901 1028 933 1088 et
952 1023 1122 1104 Τυνδαρέου
1142 1025 1320 1092 damnanda
1338 1025 1407 1092 eet?
1439 1027 1525 1108 Quia

331 1130 443 1197 formis
472 1131 587 1194 Atticis
614 1129 763 1194 omnibus
785 1131 820 1193 iu
845 1167 885 1177 —
912 1139 1000 1194 6Ωο
1023 1135 1055 1196 et
1079 1167 1120 1180 -
1147 1139 1240 1197 enN
1263 1134 1454 1200 exeuntibus
1476 1154 1524 1198 re

333 1235 487 1322 spondent
504 1234 626 1300 formae
644 1236 679 1298 iu
695 1273 739 1284 -
756 1243 842 1299 AOC
854 1240 887 1299 et
900 1271 940 1284 -
955 1245 1069 1314 ΑΩΝ,
1082 1236 1186 1302 veluti
1197 1239 1353 1314 Ἀμυθέων
1365 1277 1409 1288 -
1423 1239 1524 1315 Ἀμυ-

334 1341 429 1414 ένὶων,
451 1340 612 1417 Ἀλκμέων
631 1377 672 1388 -
690 1338 873 1417 Ἀλκμάων,
887 1340 1044 1419 Ἀγέλεως
1058 1381 1099 1391 -
1113 1342 1282 1422 Ἀγέλαος,
1296 1343 1365 1416 νεώς
1378 1382 1421 1394 -
1434 1345 1524 1428 ναός,

334 1447 481 1528 μετέωρος
508 1445 677 1531 (μετήορος)
694 1483 735 1493 —-
748 1445 896 1526 μετέωρος
920 1453 980 1512 oet.

380 1553 491 1636 Itaque
521 1553 549 1615 ei
579 1549 780 1630 rovaepeoc
811 1556 858 1618 eet
882 1554 1027 1618 Attioum
1052 1553 1148 1638 (quod
1159 1575 1253 1620 nemo
1276 1556 1417 1635 dubitat)
1439 1555 1523 1622 Ioni·

335 1681 410 1726 oum
442 1662 489 1722 eet
518 1677 581 1722 non
610 1656 778 1738 Τυνδάρεως
808 1657 862 1723 sed
894 1663 950 1723 eut
981 1658 1157 1740 Τυνδέρνως
1189 1665 1245 1725 aut
1275 1661 1448 1741 Τυνδέρννς
1473 1662 1524 1750 (ut

338 1763 540 1846 Ἀμφιάρεως
554 1799 594 1812 -
608 1763 833 1847 Ἀμφιάρηος),
856 1764 940 1849 quod
962 1784 1055 1830 nemo
1078 1765 1161 1830 vidit
1182 1771 1214 1831 et
1236 1787 1330 1834 nemo
1352 1768 1486 1834 videbit.

381 1972 417 2040 Si
447 1976 519 2058 quie
549 1976 584 2037 in
613 1971 754 2039 Homero
785 1973 919 2060 legendo
950 1973 1009 2038 hoo
1039 1979 1114 2061 aget
1142 1973 1235 2060 plura
1265 1975 1304 2040 de
1326 1996 1442 2062 genere
1463 1977 1524 2042 hoo

338 2086 520 2168 reperturus
548 2085 613 2164 eet,
644 2080 728 2145 unde
759 2085 815 2146 aut
844 2079 958 2146 melior
986 2079 1082 2146 lectio
1113 2079 1186 2146 elioi
1207 2083 1308 2166 possit
1331 2087 1387 2146 aut
1409 2083 1523 2148 diacre·

338 2191 444 2274 pontis
466 2187 639 2271 scripturae
662 2189 752 2274 origo
775 2191 893 2271 pateat.
931 2185 968 2250 In
990 2185 1080 2252 lliau
1106 2196 1145 2252 0.
1172 2186 1247 2252 635.
1271 2187 1347 2254 libri
1369 2188 1524 2274 dieorepa

338 2294 415 2359 bant
433 2295 471 2356 -in
489 2291 554 2356 ωέὲν
573 2291 753 2371 έμΟςιχνέεν
775 2297 807 2357 et
825 2290 924 2370 ὁμΟΤ
938 2290 1054 2374 ςνχνέεν.
1070 2299 1254 2360 annotetur:
1279 2293 1523 2375 ὃμνςνχνέεντ

337 2397 573 2477 averrentem.
606 2397 765 2479 βάρβαρον
795 2398 827 2463 δέ
855 2405 950 2479 φησιν
981 2395 1059 2463 εἶναι
1094 2400 1171 2464 uiri
1205 2398 1369 2472 Acerrime.
1416 2399 1524 2465 Facile

335 2504 510 2570 oredimus:
536 2501 715 2584 έγέγρωπνν
738 2505 770 2570 δὲ
794 2505 823 2569 έν
848 2513 912 2576 τοῖς
933 2514 1081 2579 naturaie
1107 2514 1244 2572 HOMO.

892 2744 962 2810 XV.

843 2946 1012 3003 ἝΗΙΔΕΑ.

382 3136 446 3200 Seio
476 3135 561 3220 apud
590 3133 771 3200 Homerum
801 3137 849 3198 eet
877 3130 957 3199 ωῖδν
989 3135 1022 3196 et
1051 3131 1172 3196 eoiebm
1202 3132 1301 3212 νῄδευ.
1349 3131 1522 3197 Informis

335 3242 468 3328 persenti
496 3239 583 3306 ωῖδω
611 3239 702 3304 nulla
732 3243 778 3304 eet
809 3239 946 3305 varietas
976 3257 1076 3322 neque
1103 3237 1435 3323 discrepantiamque
1459 3237 1522 3302 dia·

337 3351 448 3413 aeneio.
494 3347 585 3412 Ἑνῖδα
617 3345 714 3410 hebet
743 3344 842 3410 ννῑσέω
874 3348 906 3408 et
935 3342 1013 3408 ννῖδε
1044 3342 1162 3423 (dualis
1191 3343 1267 3411 νέων
1291 3342 1438 3428 exempla
1460 3363 1522 3408 non

341 3452 521 3536 ooourrunt)
554 3456 586 3516 et
616 3451 735 3526 νέδμεν,
767 3449 828 3517 rire
858 3455 891 3514 et
920 3449 1036 3514 νέσωσνν
1068 3453 1100 3514 et
1128 3451 1163 3513 in
1185 3451 1375 3534 imperativo
1397 3449 1469 3513 ωὐέν
1494 3452 1526 3513 et

337 3558 415 3627 νέςω.
463 3555 580 3622 Omnes
611 3557 670 3622 hae
701 3556 839 3634 formae,
872 3575 952 3640 quae
982 3553 1163 3642 analogiam
1188 3560 1307 3620 oertam
1330 3559 1522 3638 sequuntur,

260 3653 263 3660 ’
338 3667 457 3730 certem
481 3667 513 3727 et
536 3661 733 3747 exploratam
757 3661 874 3728 habent
898 3659 994 3726 fidem
1015 3665 1048 3726 et
1071 3662 1263 3726 testimoniis
1282 3664 1418 3725 utuntur
1437 3665 1525 3725 extra

337 3789 466 3836 omnem
498 3770 745 3834 controversiam
774 3769 894 3852 positio.
943 3766 980 3831 In
1008 3766 1314 3852 plusquamperfeoto
1338 3766 1428 3848 νέδεω
1452 3771 1525 3830 eunt

335 3875 493 3942 librorum
516 3878 548 3938 et
571 3876 855 3961 grammaticorum
877 3874 959 3937 vitia
979 3878 1010 3936 et
1029 3893 1157 3938 errores.
1193 3871 1406 3938 Dieoemendo
1422 3873 1525 3958 igitur

337 3988 412 4048 eunt
439 4001 515 4048 vere
547 3986 579 4045 et
608 3981 748 4067 genuina
776 3999 796 4043 a
826 3977 915 4044 falsie
938 3982 970 4042 et
993 3979 1127 4044 vitiosis.
1173 3977 1295 4043 Probae
1319 3981 1351 4042 et
1375 3980 1523 4062 antiquae

336 4089 456 4158 formae
478 4087 537 4152 hee
560 4090 651 4150 eunt:

472 4193 574 4275 Ἑέδεω
598 4195 725 4256 etanta
749 4189 891 4258 vocalem
915 4190 1001 4272 νῄδέ.

473 4299 571 4380 fitne
595 4301 628 4363 et
650 4295 790 4379 νέδησέω.

473 4404 587 4490 Petra,
612 4403 689 4484 niter
713 4408 745 4468 et
768 4407 840 4468 ante
863 4401 1007 4468 voonlem
1030 4402 1106 4484 νῄδέ
1128 4405 1185 4468 aut
1205 4399 1310 4484 νέδενν.
