3356 5084
868 301 934 372 480

309 497 411 566 Periit
441 495 524 585 sigla
554 496 796 581 praepositionis
827 499 860 560 et
891 491 1126 560 restituendum
1158 490 1289 568 ίπθλις
1315 488 1418 570 (ὑπὲρ)
1440 491 1497 563 τῆς

310 612 368 671 τῶν
391 603 496 671 ἄλλων
520 605 675 677 Ἑλλήνων
698 601 882 682 ἐλευθερίας.

354 710 444 775 Idem
475 709 597 774 laetum
625 713 673 774 est
695 711 729 773 in
750 708 820 773 loeo
843 709 950 774 vicino
973 727 1047 794 pag.
1071 703 1149 772 262.
1175 703 1229 769 10.
1254 698 1315 784 ῶροθ
1338 727 1379 782 γε
1401 702 1500 783 μικροὶ

308 816 460 895 βοηθῆσαι
494 822 557 888 τοῖς
589 813 712 889 πένησιν
746 815 827 892 ὑμῶν
858 814 931 879 δοκῶ
965 812 1104 893 ἣμνκρῶ
1127 812 1287 876 ύναλῶσοιν
1313 809 1352 876 θον
1374 814 1429 876 τοῦ
1454 810 1501 886 μίν

309 922 352 988 rol
378 922 483 988 δίκαιον
506 928 602 987 ποιεῖν
626 921 652 986 oi
677 918 835 997 πλούσιοι,
859 923 1023 987 imovero
1048 918 1148 1007 (ὑπὲρ)
1173 922 1226 983 τοῦ
1250 919 1295 996 μυί
1319 918 1385 984 κτὲ.

353 1132 433 1220 Peg.
465 1129 543 1197 260.
562 1125 631 1196 ’15.
662 1128 755 1206 ἔθηκα
779 1129 865 1208 νθρον
889 1131 956 1196 καθ’
980 1127 1011 1196 θν
1034 1129 1104 1204 τοὺς
1128 1129 1187 1208 μὲν
1209 1128 1252 1194 τῶ
1275 1128 1379 1194 δίκαια
1402 1135 1500 1193 πονεῖν

309 1238 495 1318 ύνοίγκοισα,
533 1237 617 1321 [τοὺς
650 1237 841 1321 πλονσίονς],
866 1237 936 1310 τοὺς
958 1237 989 1302 δὲ
1017 1237 1180 1326 [πένητας]
1206 1234 1318 1301 ἔτανσ’
1339 1233 1502 1316 sermone

310 1370 387 1418 νους.
436 1345 617 1410 Insitioium
647 1365 715 1409 esse
746 1345 815 1417 τοὺς
847 1344 1008 1418 πλουσίους
1032 1346 1139 1432 arguit
1161 1345 1270 1429 inepta
1291 1343 1389 1409 sedes.
1437 1341 1501 1408 Ex·

308 1451 439 1538 pulsum
462 1451 621 1538 glossema
645 1472 750 1518 seeum
775 1451 875 1517 trahit
897 1451 1014 1518 inutile
1037 1453 1184 1525 πένητος.

354 1661 434 1749 Peg.
466 1659 543 1726 264.
576 1660 630 1726 28.
663 1664 687 1727 εί
721 1663 762 1742 τῷ
798 1661 895 1750 [τινὰ]
925 1662 1025 1743 οίρχίςν
1053 1659 1179 1742 ἄρχοντι
1209 1657 1321 1726 leidrat
1345 1670 1384 1742 τῇ
1410 1657 1500 1726 τθλει

309 1768 352 1834 τίι
386 1768 495 1832 ἑαυτοῦ
520 1769 573 1832 οὐκ
597 1766 710 1846 ίξέεοιι.
758 1768 901 1835 Dixisset
923 1767 1038 1834 saltem
1062 1769 1162 1849 οίρχύν
1184 1790 1263 1832 πονοι.
1312 1765 1376 1833 Sed
1399 1769 1501 1833 omni·

309 1875 369 1940 bns
400 1880 587 1940 consuetum
618 1881 665 1940 est
697 1875 801 1941 dicere
833 1877 933 1957 ἀρχὴν
963 1872 1086 1954 ἄρχων,
1120 1875 1221 1955 ἀρχὴν
1250 1871 1349 1953 ἄρξας
1374 1879 1407 1939 et
1427 1876 1499 1938 sim.

308 1980 534 2066 Aristophanes
563 1980 647 2065 ἴσην.
673 1980 750 2047 566.

354 2086 496 2166 οίκτενρθν
519 2085 555 2163 μ’
578 2083 598 2152 ol
623 2085 739 2168 ποθτερ,
765 2085 917 2165 οιίτοῶμοοί
939 2085 982 2163 π’,
1006 2087 1032 2150 εί
1057 2083 1170 2158 κσιύτθς
1196 2083 1311 2149 πώποθ’
1337 2085 1466 2167 θφείλον

357 2194 457 2275 οίρχίην
482 2189 579 2272 ῶρξας
604 2193 621 2269 ἢ
646 2192 691 2258 ’τί
715 2199 845 2277 ςρατιῶς
870 2201 932 2265 τοῖς
957 2190 1109 2269 ξυσσίτοις
1134 2189 1306 2273 α’γοροίζων.

356 2404 437 2492 Peg.
463 2402 541 2469 269.
567 2403 620 2469 15.
644 2404 692 2476 τίς
717 2401 756 2468 ῶν
780 2403 832 2468 καί
856 2402 943 2469 τίνων
967 2403 1073 2488 ῥᾳδίως
1097 2400 1190 2472 οὕτως
1213 2399 1304 2483 ι’ίρχει
1325 2407 1379 2468 τοῦ
1399 2409 1500 2473 κοινῶς

308 2507 416 2588 λέγειν
476 2509 696 2596 Supplendum
721 2511 773 2574 καί
799 2511 862 2574 ἘΚ
887 2510 988 2588 τίνων,
1014 2515 1052 2575 ut
1076 2529 1186 2574 omnes
1208 2512 1242 2573 in
1264 2530 1300 2576 sa
1323 2530 1356 2573 rs
1380 2507 1500 2593 solent,

311 2615 429 2694 ἀγαθὸς
461 2617 513 2681 ιοαί
546 2614 580 2692 ἕξ
611 2618 756 2692 οίγαθῶν,
788 2617 894 2696 πολλῷ
925 2617 1043 2695 βελτίω
1067 2615 1176 2680 τούτου
1201 2616 1313 2680 aaliz
1336 2613 1501 2694 βελτιόνων

312 2745 386 2811 pag.
413 2721 490 2788 228.
513 2719 582 2798 19.,
602 2722 708 2793 δοῦλος
729 2721 782 2787 καί
804 2724 839 2788 ἐκ
859 2723 983 2794 δούλων,
1005 2743 1077 2809 pag.
1101 2721 1177 2788 614.
1202 2721 1255 2787 18.
1276 2722 1354 2800 βοῶν
1376 2761 1418 2770 -
1439 2720 1502 2786 δού-

311 2843 381 2900 λους
416 2830 468 2892 καί
501 2828 534 2893 ἐκ
556 2828 669 2893 δούλων
694 2835 795 2893 καλῶν
820 2829 930 2894 ἑαυτοῦ
953 2830 1099 2908 βελτίους
1125 2828 1178 2893 καί
1203 2829 1237 2893 εἰν
1261 2826 1445 2907 βελτιόνων,
1469 2831 1503 2892 et

311 2935 432 3000 similia
455 2934 507 2999 his
531 2933 704 3019 complura.

356 3145 436 3232 Peg.
471 3141 551 3211 273.
579 3141 635 3209 28.
659 3143 694 3207 σθ
724 3144 780 3221 μὲν
805 3144 840 3219 δίη
865 3145 919 3226 πρὸ
944 3151 997 3212 τοῦ
1020 3145 1157 3224 πολέμου
1181 3153 1387 3213 oANeeoc
1412 3168 1503 3209 συνα-

312 3250 493 3332 γωνίζεσθαι
526 3250 670 3330 Φιλίππῳ
701 3250 793 3317 δεινὸν
823 3251 881 3330 μίν
905 3291 960 3330 -,
992 3254 1067 3318 ἀλλ’
1098 3253 1201 3325 ἕτεῶίη
1234 3260 1440 3318 ΦΑΝΕΡΩΟ
1461 3251 1504 3316 τῶ

312 3365 408 3422 πλοῖον
442 3357 608 3427 ἐσεσύλητο
641 3355 704 3419 κτὲ.
754 3355 884 3436 Quaerit
905 3357 1084 3425 Dobraeus:
1113 3407 1128 3436 „
1137 3383 1177 3423 σοι
1192 3359 1299 3443 priore
1321 3359 1383 3423 ίοοο
1406 3365 1502 3434 φανε-

312 3468 366 3543 ρῶς
390 3461 570 3526 delendam?
616 3460 692 3528 Sine
714 3460 782 3528 ulla
806 3462 1015 3530 dubitatione.
1062 3465 1147 3531 Nam
1171 3472 1393 3550 praeterquam
1419 3463 1502 3550 quod

312 3567 511 3634 intolerabile
542 3572 590 3633 est
621 3573 757 3649 φανερῶς
790 3568 839 3632 bis
870 3572 1062 3655 repetitum,
1095 3574 1191 3636 etiam
1228 3573 1384 3636 sententia
1415 3575 1503 3657 prius

311 3679 449 3756 φανερῶς
481 3675 619 3759 respuit:
652 3675 684 3736 ού
714 3673 777 3753 yolo
809 3680 988 3755 φανερῶς
1022 3675 1259 3758 συνηγωνίζετο,
1284 3677 1359 3740 ῶλλ’
1382 3678 1422 3749 ῶς
1448 3672 1503 3742 οίθν

311 3805 347 3846 τε
370 3779 497 3858 possea
525 3776 667 3863 λοίθρςο.

358 3989 450 4069 Quod
473 3990 621 4054 continuo
646 3991 791 4075 sequitur
813 4011 887 4079 pug-
912 3988 989 4058 274.
1014 3992 1047 4056 2.
1074 3993 1148 4058 ἀλλ’
1168 3993 1271 4065 ἐπειδὴ
1290 3999 1430 4075 φανερῶς
1452 3991 1504 4067 ἤδη

312 4096 355 4161 τῶ
398 4103 494 4159 πλοῖα
538 4093 724 4170 ἐσεσύλητο,
763 4096 940 4175 Χερρθνησος
977 4099 1147 4178 ἐπορθεῖτο,
1183 4099 1232 4163 ἐπί
1270 4101 1324 4174 τίην
1360 4098 1505 4172 Ἀττικῶν

314 4199 461 4280 ἐπορεύεθ’
496 4195 665 4279 ἅνθρωπος.
689 4201 803 4283 [οὐκέτ’
828 4203 857 4268 ἐν
881 4203 1156 4287 ἀμφισβητησίμῳ
1181 4207 1224 4270 τῶ
1247 4203 1431 4284 πράγματα
1456 4201 1507 4287 do,

315 4305 389 4369 ἀλλ’
413 4305 555 4380 ε’νειςιίιοει
581 4304 751 4392 πθλεμος,]
776 4304 795 4371 θ’
814 4332 845 4373 τι
872 4309 928 4384 μὲν
953 4310 1077 4376 πύτοτε
1102 4311 1233 4394 ἔπραξεν
1248 4313 1356 4377 -ούιο
1377 4311 1416 4376 θον
1440 4311 1506 4392 ἔχει

316 4407 425 4485 ῶεΐξοιι.
465 4409 600 4478 Summo
623 4415 692 4479 iure
719 4414 806 4490 ,ίεθο
829 4415 931 4482 οὐκέτ’
946 4456 987 4467 -
1001 4418 1137 4497 πθλεμος
1155 4421 1250 4506 plone
1273 4417 1508 4503 οιηιονυοοοιιοσ”
