3342 5080
720 327 785 404 ete

155 525 346 614 transposita
376 529 503 611 etpost
526 527 582 602 ‘rito
611 525 752 601 διοίκησιν
782 523 934 592 καταλύει
965 525 1187 593 transferenda.
1235 519 1348 595 Absol-

156 637 245 700 verst
277 632 316 698 de
347 633 496 712 caeteris,
529 653 609 719 quse
640 637 804 698 enumerat
831 630 969 720 singulis
992 637 1025 699 et
1046 655 1131 700 nune
1154 634 1348 701 demonstre-

157 743 247 804 turus
271 744 319 804 est
342 733 389 803 ὅτι
412 746 475 812 τοῖς
498 739 678 820 κακούργοις
701 739 871 818 βοηθοῦντα
895 738 1011 804 τέύεικε
1032 740 1083 806 τὸν
1103 738 1202 819 υίμον.
1236 739 1348 826 Itaque

158 847 294 911 eiceret
318 844 505 910 dicendum:
531 883 573 894 -
600 845 707 910 ἄλλα
740 845 808 910 καί
841 851 905 916 τοῖς
928 844 1107 926 κακούργοις
1132 846 1198 912 κτὲ.

198 949 301 1016 Miror
331 971 394 1036 quo
423 956 516 1038 peoto
542 949 724 1017 Dindoriius
748 956 814 1018 tem
838 954 958 1017 certem
981 957 1013 1017 et
1036 951 1218 1018 evidentem
1240 971 1346 1017 emen·

156 1055 317 1122 dationem
340 1077 380 1123 ne
404 1059 630 1125 memoraverit
655 1058 784 1143 quidem
807 1056 927 1123 nedum
951 1059 1113 1144 receperit.

201 1161 331 1249 Triplex
354 1185 455 1252 genus
478 1165 725 1230 leoinorosorum
748 1163 917 1229 hominum
940 1184 1059 1250 ponens
1083 1162 1270 1245 κακούργους
1291 1161 1344 1228 καί

156 1269 352 1352 πατραλοίας
385 1276 417 1338 et
447 1270 657 1353 ύςρατιύτους
691 1270 729 1336 de
752 1269 856 1336 iisdem
881 1269 959 1355 quid
982 1269 1077 1337 Solon
1099 1271 1239 1337 sanxerit
1261 1289 1346 1335 oom-
1434 1355 1438 1363 Ι

156 1381 314 1443 memoret
334 1397 409 1466 pag.
434 1375 510 1444 732.
535 1377 590 1443 20.
616 1374 670 1443 εὀίν
692 1399 738 1450 τις
753 1377 829 1458 fotid
854 1383 992 1455 κλοπῆς,
1018 1375 1072 1443 έιίν
1097 1401 1144 1450 τις
1164 1375 1258 1448 οίλοὺς
1280 1376 1348 1463 (τῆς

157 1480 218 1548 del.
239 1482 413 1570 Dobrseus)
436 1485 596 1558 κακύοεως
617 1491 676 1549 τῶν
700 1481 809 1563 γονέων
833 1483 875 1554 είς
899 1483 954 1557 την
978 1483 1096 1565 ύγορίιν
1119 1482 1290 1563 tattone,
1317 1486 1349 1547 et

157 1586 194 1653 ύν
224 1591 394 1670 οίςρατείας
424 1614 471 1663 τις
500 1589 592 1672 ίΦλη.
641 1587 726 1656 Hine
758 1591 861 1677 igitur
889 1589 1106 1678 intelligimus
1127 1588 1197 1662 τοὺς
1212 1587 1349 1669 ,κακούρ-

157 1718 228 1775 γους
253 1715 320 1762 esse
344 1698 413 1769 τοὺς
437 1695 601 1774 κλέπτας,
626 1700 658 1762 et
680 1696 750 1770 τοὺς
775 1697 970 1777 πατραλοίας
993 1716 1056 1762 non
1086 1718 1153 1763 esse
1185 1697 1254 1770 τοὺς
1286 1719 1346 1760 πα·

155 1800 347 1886 τροκτίνους,
378 1801 433 1868 sed
464 1802 547 1890 τοὺςΙ
565 1800 701 1876 totvm
725 1802 887 1876 κακώσεως
919 1807 979 1867 τῶν
1011 1801 1137 1882 γονέων,
1163 1802 1247 1888 quod
1269 1800 1348 1886 quid

155 1911 196 1974 sit
226 1909 390 1994 perspione
421 1907 540 1974 dieitur
568 1928 642 1995 pag.
675 1905 751 1976 733.
784 1905 837 1973 26.
886 1907 1085 1988 Πατραλοίας
1115 1909 1219 1996 igitur
1252 1911 1301 1974 est
1332 1907 1346 1972 t

157 2013 279 2096 πατέρα
311 2013 356 2091 μη
386 2014 505 2096 τρέφων
537 2012 589 2079 καί
614 2013 790 2090 τείνηκύτος
813 2013 856 2079 τοὶ
881 2013 1065 2096 νομιζόμενα
1088 2016 1133 2093 μη
1154 2019 1263 2090 ποιῶν,
1289 2015 1345 2098 qui

154 2140 282 2186 summo
304 2122 374 2185 iure
396 2124 430 2185 st
451 2119 582 2186 infamis
604 2124 653 2186 est
674 2124 707 2186 ot
728 2120 795 2187 foro
816 2124 956 2199 eruetur,
978 2119 1032 2188 sed
1052 2119 1141 2186 οοοωί
1160 2119 1212 2187 vel
1226 2119 1345 2204 putenti

153 2229 293 2314 parentis
315 2227 350 2291 in
372 2225 609 2308 hoevoeebulo
631 2228 719 2293 notio
742 2246 802 2292 non
828 2228 925 2292 inest.

199 2435 282 2524 Peg.
314 2433 390 2502 733.
424 2433 479 2502 24.
512 2435 611 2501 καίτοι
645 2435 715 2521 [τίν’
746 2433 785 2500 ἂν
814 2432 908 2512 υίξίαν
938 2434 1018 2511 δοίης
1049 2435 1132 2510 δίκην
1164 2433 1194 2522 ἢ]
1229 2434 1262 2500 τί
1293 2443 1344 2502 CT

156 2542 258 2607 παύὼν
290 2538 329 2607 οἰν
359 2542 402 2607 τοὶ
429 2539 609 2622 προσήκοντ’
632 2542 694 2618 είης
720 2542 872 2614 πεπονύὼς
898 2533 928 2616 te
948 2579 990 2591 —
1007 2539 1078 2614 τούς
1100 2543 1142 2623 τῷ
1167 2543 1249 2625 γήρα
1272 2541 1345 2621 βοη·

156 2648 220 2722 ίούς
252 2647 418 2727 λυμαίνει,
452 2641 478 2713 oi
509 2647 560 2714 καί
594 2647 711 2730 ζῶντας
742 2647 955 2730 ύναγκοίζουοι
987 2649 1070 2732 [τοὺς
1106 2647 1237 2735 παῖδας]
1274 2649 1345 2722 τοὺς

154 2754 264 2834 γονέας
306 2754 427 2839 τρέφειν
467 2754 519 2821 καί
555 2755 681 2822 torreto
715 2754 904 2821 ύποίοίνωοιν
939 2751 1019 2830 ὅπως
1055 2756 1114 2820 τῶν
1148 2753 1346 2837 νομιζομένων

153 2861 274 2942 τύχωσι
307 2859 603 2943 παρασκευάζουσιν.
651 2861 871 2950 Expungende
901 2883 967 2928 esse
997 2863 1094 2929 verba
1117 2863 1218 2928 otiose
1240 2868 1272 2927 et
1294 2881 1346 2928 su·

153 2987 311 3054 perveeuu
333 2969 390 3034 τίν’
415 2966 454 3033 oto
478 2965 570 3043 οίξίαν
593 2968 672 3043 δοίης
696 2969 779 3043 δίκην
804 2967 821 3043 ἥ
847 2971 955 3056 arguit
977 2989 1109 3054 sequens
1133 2978 1183 3034 c'r
1209 2968 1293 3053 quod
1311 2970 1346 3034 in

153 3074 340 3140 huiusmodi
381 3075 554 3159 partitione
591 3077 649 3140 eut
681 3075 786 3159 primo
819 3071 889 3140 loeo
923 3076 1053 3161 ponitur
1087 3079 1143 3139 eut
1176 3095 1344 3161 nusquam.

152 3179 275 3246 Deinde
293 3178 473 3266 recipienda
492 3184 559 3245 eret
579 3180 716 3246 Dobrsei
735 3179 915 3246 emendatio
930 3180 1000 3252 τοὺς
1013 3182 1055 3261 τῷ
1069 3181 1152 3263 γήρα
1162 3181 1346 3258 βοηίΟΤΝ-

152 3295 239 3353 Tne
263 3293 449 3352 NOMO'rc
474 3284 628 3363 λυμαίνει.
675 3284 797 3351 Eodem
820 3284 915 3352 modo
939 3286 1021 3352 dixit
1045 3284 1155 3373 paullo
1179 3293 1251 3354 ente
1271 3307 1345 3376 pag.

154 3389 230 3459 732.
266 3390 317 3457 15.
351 3389 403 3456 τὸν
432 3390 613 3472 κακούργοις
643 3391 815 3470 βοηθοῦντα
846 3389 944 3471 νόμον.
978 3397 1010 3458 et
1039 3391 1148 3478 paullo
1178 3398 1249 3478 post
1271 3415 1346 3482 pag.

156 3496 230 3565 735.
258 3495 311 3563 15.
334 3494 422 3575 νίμον
445 3495 551 3563 ούδένα
575 3504 638 3568 τοῖς
660 3496 804 3570 τοιούτοις
828 3498 1044 3578 ἐπικουροῦντα
1067 3498 1193 3573 τίύητιν.

197 3603 235 3669 In
267 3605 356 3670 exitu
384 3601 447 3668 loei
476 3622 575 3689 poeno
607 3602 744 3669 ridioule
767 3609 814 3668 est
837 3604 1006 3670 verborum
1032 3605 1218 3689 compositio
1241 3597 1269 3670 oi
1292 3603 1345 3669 καί

153 3708 269 3792 ζῶντας
294 3707 508 3790 οίναγκοίζουοι
530 3710 599 3782 τοὺς
621 3707 743 3780 παῖδας
763 3711 833 3782 τοὺς
854 3709 962 3789 γονέας
984 3709 1123 3791 τρέφειν,
1151 3709 1225 3795 quia
1243 3712 1348 3795 prime

154 3818 258 3904 speeie
280 3815 396 3897 ζῶντας
418 3815 488 3888 τοὺς
509 3815 628 3890 παῖδας
651 3817 819 3882 eoniunote
837 3837 904 3882 esse
924 3816 1083 3884 videntur.
1118 3814 1348 3883 Demosthenes

102 4007 104 4012 Ι
154 3925 275 4009 optime
305 3922 376 3996 τοὺς
402 3919 520 3995 παῖδας
543 3923 712 3998 omiserat,
736 3943 811 3989 nam
835 3923 874 3989 ds
898 3923 1014 4007 quibus
1036 3921 1166 3988 tandem
1189 3919 1261 3988 eliis
1284 3922 1348 3988 diei

154 4031 278 4114 poterat
304 4028 481 4111 ροοουίίίυο
512 4027 653 4093 admodo
678 4025 842 4112 praebere?
896 4028 1030 4095 Addidit
1062 4030 1218 4116 magister
1250 4029 1347 4096 verbo

152 4131 383 4214 ἀναγκάζουσιν
409 4135 531 4201 obiecto
556 4153 636 4221 opus
661 4154 728 4200 esse
751 4136 909 4221 opinatus.

197 4341 277 4431 Peg.
304 4339 381 4409 734.
407 4339 438 4407 3.
464 4342 516 4408 καί
544 4340 594 4408 διὰ
618 4339 743 4413 τούτους
767 4343 836 4409 καθ’
862 4345 944 4422 ημῶν
966 4340 1054 4420 νύμου
1073 4342 1176 4408 elluo
1196 4339 1347 4412 (lodexS

151 4447 251 4532 τίίης,
275 4451 391 4516 eseteri
411 4447 515 4524 τιθείς.
548 4447 754 4517 Ostendimus
773 4448 836 4516 elio
855 4447 924 4516 loro
943 4449 1035 4524 τιύεῑς
1054 4450 1348 4522 esseseribendum.
