<?xml version="1.0" encoding="UTF-8"?>
<!DOCTYPE html PUBLIC "-//W3C//DTD XHTML 1.0 Transitional//EN"
    "http://www.w3.org/TR/xhtml1/DTD/xhtml1-transitional.dtd">
<html xmlns="http://www.w3.org/1999/xhtml" xml:lang="en" lang="en">
 <head>
  <title>
</title>
<meta http-equiv="Content-Type" content="text/html;charset=utf-8" />
  <meta name='ocr-system' content='tesseract 3.04.00' />
  <meta name='ocr-capabilities' content='ocr_page ocr_carea ocr_par ocr_line ocrx_word'/>
</head>
<body>
  <div class='ocr_page' id='page_1' title='image "./miscellaneacrit00cobegoog_0313.png"; bbox 0 0 3356 5086; ppageno 0'>
   <div class='ocr_carea' id='block_1_1' title="bbox 869 365 935 434">
    <p class='ocr_par' dir='ltr' id='par_1_1' title="bbox 869 365 935 434">
     <span class='ocr_line' id='line_1_1' title="bbox 869 365 935 434; baseline 0 0"><span class='ocrx_word' id='word_1_1' title='bbox 869 365 935 434; x_wconf 79' lang='lat'>292</span> 
     </span>
    </p>
   </div>
   <div class='ocr_carea' id='block_1_2' title="bbox 316 551 1510 3599">
    <p class='ocr_par' dir='ltr' id='par_1_2' title="bbox 316 551 1510 3599">
     <span class='ocr_line' id='line_1_2' title="bbox 322 551 1509 635; baseline 0.002 -17"><span class='ocrx_word' id='word_1_2' title='bbox 322 551 339 629; x_wconf 76' lang='lat' dir='ltr'>sl</span> <span class='ocrx_word' id='word_1_3' title='bbox 371 552 587 635; x_wconf 79' lang='grc' dir='ltr'><strong><em>ἈρισοΦοένονς</em></strong></span> <span class='ocrx_word' id='word_1_4' title='bbox 619 561 745 620; x_wconf 83' lang='grc' dir='ltr'><strong>ΒΟΤΝ.</strong></span> <span class='ocrx_word' id='word_1_5' title='bbox 774 555 852 627; x_wconf 80' lang='grc' dir='ltr'><strong><em>τινές</em></strong></span> <span class='ocrx_word' id='word_1_6' title='bbox 883 555 914 620; x_wconf 77' lang='grc' dir='ltr'>δὲ</span> <span class='ocrx_word' id='word_1_7' title='bbox 938 553 994 632; x_wconf 74' lang='grc' dir='ltr'>ἔξω</span> <span class='ocrx_word' id='word_1_8' title='bbox 1018 561 1071 621; x_wconf 87' lang='grc' dir='ltr'>σοῦ</span> <span class='ocrx_word' id='word_1_9' title='bbox 1095 564 1125 623; x_wconf 89' lang='lat' dir='ltr'>N</span> <span class='ocrx_word' id='word_1_10' title='bbox 1149 565 1211 621; x_wconf 82' lang='grc' dir='ltr'>ΒΩ</span> <span class='ocrx_word' id='word_1_11' title='bbox 1235 556 1288 620; x_wconf 77' lang='grc' dir='ltr'>καὶ</span> <span class='ocrx_word' id='word_1_12' title='bbox 1311 555 1433 633; x_wconf 75' lang='grc' dir='ltr'><strong><em>μήποτε</em></strong></span> <span class='ocrx_word' id='word_1_13' title='bbox 1458 579 1509 620; x_wconf 64' lang='lat' dir='ltr'>ars&lt;</span> 
     </span>
     <span class='ocr_line' id='line_1_3' title="bbox 318 659 1508 734; baseline 0.004 -11"><span class='ocrx_word' id='word_1_14' title='bbox 318 660 414 729; x_wconf 73' lang='grc' dir='ltr'><strong><em>έανῶς</em></strong></span> <span class='ocrx_word' id='word_1_15' title='bbox 438 659 506 724; x_wconf 68' lang='grc' dir='ltr'>ἀντὶ</span> <span class='ocrx_word' id='word_1_16' title='bbox 530 664 584 726; x_wconf 79' lang='grc' dir='ltr'>σοῦ</span> <span class='ocrx_word' id='word_1_17' title='bbox 604 671 699 727; x_wconf 85' lang='lat' dir='ltr'><strong>BOA.</strong></span> <span class='ocrx_word' id='word_1_18' title='bbox 731 661 768 726; x_wconf 92' lang='lat' dir='ltr'>In</span> <span class='ocrx_word' id='word_1_19' title='bbox 788 659 915 728; x_wconf 77' lang='lat' dir='ltr'>Scholia</span> <span class='ocrx_word' id='word_1_20' title='bbox 933 661 1113 728; x_wconf 81' lang='lat' dir='ltr'>Victoriano</span> <span class='ocrx_word' id='word_1_21' title='bbox 1133 667 1199 728; x_wconf 85' lang='lat' dir='ltr'>est:</span> <span class='ocrx_word' id='word_1_22' title='bbox 1220 664 1251 726; x_wconf 86' lang='grc' dir='ltr'>ἕν</span> <span class='ocrx_word' id='word_1_23' title='bbox 1272 669 1333 734; x_wconf 77' lang='grc' dir='ltr'>τοῖς</span> <span class='ocrx_word' id='word_1_24' title='bbox 1356 669 1508 734; x_wconf 76' lang='grc' dir='ltr'><strong><em>παλαιοῖς</em></strong></span> 
     </span>
     <span class='ocr_line' id='line_1_4' title="bbox 321 764 1509 852; baseline 0.003 -24"><span class='ocrx_word' id='word_1_25' title='bbox 321 765 499 846; x_wconf 71' lang='grc' dir='ltr'><strong><em>ἐγέγραπτο</em></strong></span> <span class='ocrx_word' id='word_1_26' title='bbox 533 775 635 841; x_wconf 88' lang='grc' dir='ltr'>ΒΟΝ,</span> <span class='ocrx_word' id='word_1_27' title='bbox 667 764 739 848; x_wconf 73' lang='grc' dir='ltr'><strong><em>ὅπερ</em></strong></span> <span class='ocrx_word' id='word_1_28' title='bbox 760 770 811 832; x_wconf 82' lang='grc' dir='ltr'>οὐκ</span> <span class='ocrx_word' id='word_1_29' title='bbox 836 767 961 840; x_wconf 84' lang='grc' dir='ltr'><strong><em>ένέησαν</em></strong></span> <span class='ocrx_word' id='word_1_30' title='bbox 983 769 1009 833; x_wconf 82' lang='grc' dir='ltr'>οἱ</span> <span class='ocrx_word' id='word_1_31' title='bbox 1035 767 1209 848; x_wconf 68' lang='lat' dir='ltr'>decolorosi,</span> <span class='ocrx_word' id='word_1_32' title='bbox 1233 766 1267 832; x_wconf 93' lang='lat' dir='ltr'>id</span> <span class='ocrx_word' id='word_1_33' title='bbox 1290 771 1338 832; x_wconf 82' lang='lat' dir='ltr'>est</span> <span class='ocrx_word' id='word_1_34' title='bbox 1361 771 1416 852; x_wconf 92' lang='lat' dir='ltr'>qui</span> <span class='ocrx_word' id='word_1_35' title='bbox 1438 765 1509 832; x_wconf 86' lang='lat' dir='ltr'>Ho-</span> 
     </span>
     <span class='ocr_line' id='line_1_5' title="bbox 322 872 1509 958; baseline 0 -23"><span class='ocrx_word' id='word_1_36' title='bbox 322 873 456 936; x_wconf 85' lang='lat' dir='ltr'>mericos</span> <span class='ocrx_word' id='word_1_37' title='bbox 489 872 649 953; x_wconf 76' lang='grc' dir='ltr'><strong><em>διορθώσεις</em></strong></span> <span class='ocrx_word' id='word_1_38' title='bbox 679 873 846 940; x_wconf 81' lang='lat' dir='ltr'>ediderunt</span> <span class='ocrx_word' id='word_1_39' title='bbox 879 873 1072 948; x_wconf 75' lang='lat' dir='ltr'>zenodotus,</span> <span class='ocrx_word' id='word_1_40' title='bbox 1102 873 1345 958; x_wconf 83' lang='lat' dir='ltr'>Aristophanes,</span> <span class='ocrx_word' id='word_1_41' title='bbox 1370 873 1509 937; x_wconf 81' lang='lat' dir='ltr'>Aristar·</span> 
     </span>
     <span class='ocr_line' id='line_1_6' title="bbox 323 976 1510 1067; baseline 0.001 -27"><span class='ocrx_word' id='word_1_42' title='bbox 323 976 410 1041; x_wconf 92' lang='lat' dir='ltr'>chus.</span> <span class='ocrx_word' id='word_1_43' title='bbox 458 976 549 1056; x_wconf 82' lang='lat' dir='ltr'>Quod</span> <span class='ocrx_word' id='word_1_44' title='bbox 578 982 680 1067; x_wconf 81' lang='lat' dir='ltr'>igitur</span> <span class='ocrx_word' id='word_1_45' title='bbox 710 983 777 1044; x_wconf 84' lang='lat' dir='ltr'>erat</span> <span class='ocrx_word' id='word_1_46' title='bbox 807 982 840 1043; x_wconf 89' lang='lat' dir='ltr'>in</span> <span class='ocrx_word' id='word_1_47' title='bbox 871 979 962 1044; x_wconf 89' lang='lat' dir='ltr'>libris</span> <span class='ocrx_word' id='word_1_48' title='bbox 992 982 1221 1046; x_wconf 82' lang='lat' dir='ltr'>vetustissimis</span> <span class='ocrx_word' id='word_1_49' title='bbox 1255 986 1339 1044; x_wconf 88' lang='lat' dir='ltr'>BON</span> <span class='ocrx_word' id='word_1_50' title='bbox 1375 983 1424 1042; x_wconf 90' lang='lat' dir='ltr'>est</span> <span class='ocrx_word' id='word_1_51' title='bbox 1449 981 1510 1042; x_wconf 84' lang='lat' dir='ltr'>sut</span> 
     </span>
     <span class='ocr_line' id='line_1_7' title="bbox 320 1080 1510 1172; baseline 0.002 -26"><span class='ocrx_word' id='word_1_52' title='bbox 320 1080 416 1158; x_wconf 86' lang='grc' dir='ltr'><strong><em>βοῦν,</em></strong></span> <span class='ocrx_word' id='word_1_53' title='bbox 448 1089 486 1148; x_wconf 86' lang='lat' dir='ltr'>ut</span> <span class='ocrx_word' id='word_1_54' title='bbox 513 1086 738 1170; x_wconf 82' lang='lat' dir='ltr'>Aristophanes</span> <span class='ocrx_word' id='word_1_55' title='bbox 760 1085 901 1172; x_wconf 82' lang='lat' dir='ltr'>legebat,</span> <span class='ocrx_word' id='word_1_56' title='bbox 926 1091 981 1150; x_wconf 87' lang='lat' dir='ltr'>out</span> <span class='ocrx_word' id='word_1_57' title='bbox 1003 1087 1084 1163; x_wconf 80' lang='grc' dir='ltr'><strong><em>βῶν,</em></strong></span> <span class='ocrx_word' id='word_1_58' title='bbox 1108 1091 1145 1149; x_wconf 93' lang='lat' dir='ltr'>ut</span> <span class='ocrx_word' id='word_1_59' title='bbox 1167 1085 1378 1149; x_wconf 73' lang='lat' dir='ltr'>Aristarchus.</span> <span class='ocrx_word' id='word_1_60' title='bbox 1426 1082 1510 1148; x_wconf 77' lang='lat' dir='ltr'>Utro</span> 
     </span>
     <span class='ocr_line' id='line_1_8' title="bbox 319 1185 1507 1276; baseline 0.001 -24"><span class='ocrx_word' id='word_1_61' title='bbox 319 1190 477 1274; x_wconf 85' lang='lat' dir='ltr'>scriptura</span> <span class='ocrx_word' id='word_1_62' title='bbox 495 1195 543 1254; x_wconf 89' lang='lat' dir='ltr'>est</span> <span class='ocrx_word' id='word_1_63' title='bbox 560 1188 684 1276; x_wconf 81' lang='lat' dir='ltr'>potiori</span> <span class='ocrx_word' id='word_1_64' title='bbox 708 1188 783 1255; x_wconf 80' lang='lat' dir='ltr'>Sine</span> <span class='ocrx_word' id='word_1_65' title='bbox 802 1193 1014 1256; x_wconf 85' lang='lat' dir='ltr'>controversis</span> <span class='ocrx_word' id='word_1_66' title='bbox 1031 1190 1260 1275; x_wconf 82' lang='lat' dir='ltr'>Aristophanes</span> <span class='ocrx_word' id='word_1_67' title='bbox 1270 1191 1356 1267; x_wconf 85' lang='grc' dir='ltr'><strong><em>βοῦν.</em></strong></span> <span class='ocrx_word' id='word_1_68' title='bbox 1380 1185 1507 1270; x_wconf 77' lang='lat' dir='ltr'>Quare?</span> 
     </span>
     <span class='ocr_line' id='line_1_9' title="bbox 320 1295 1508 1380; baseline 0.002 -22"><span class='ocrx_word' id='word_1_69' title='bbox 320 1297 395 1379; x_wconf 84' lang='lat' dir='ltr'>quia</span> <span class='ocrx_word' id='word_1_70' title='bbox 417 1295 490 1373; x_wconf 74' lang='grc' dir='ltr'><strong><em>βοῦς</em></strong></span> <span class='ocrx_word' id='word_1_71' title='bbox 516 1302 548 1360; x_wconf 89' lang='lat' dir='ltr'>et</span> <span class='ocrx_word' id='word_1_72' title='bbox 569 1296 654 1380; x_wconf 82' lang='lat' dir='ltr'>opud</span> <span class='ocrx_word' id='word_1_73' title='bbox 677 1295 855 1361; x_wconf 84' lang='lat' dir='ltr'><strong>Homerum</strong></span> <span class='ocrx_word' id='word_1_74' title='bbox 879 1297 997 1380; x_wconf 86' lang='lat' dir='ltr'>possim</span> <span class='ocrx_word' id='word_1_75' title='bbox 1017 1301 1049 1362; x_wconf 88' lang='lat' dir='ltr'>et</span> <span class='ocrx_word' id='word_1_76' title='bbox 1068 1296 1152 1380; x_wconf 82' lang='lat' dir='ltr'>apud</span> <span class='ocrx_word' id='word_1_77' title='bbox 1169 1315 1279 1361; x_wconf 88' lang='lat' dir='ltr'>omnes</span> <span class='ocrx_word' id='word_1_78' title='bbox 1297 1295 1508 1361; x_wconf 78' lang='lat' dir='ltr'>Athenienses</span> 
     </span>
     <span class='ocr_line' id='line_1_10' title="bbox 319 1399 1506 1487; baseline 0 -24"><span class='ocrx_word' id='word_1_79' title='bbox 319 1399 417 1466; x_wconf 86' lang='lat' dir='ltr'>hahet</span> <span class='ocrx_word' id='word_1_80' title='bbox 438 1422 563 1486; x_wconf 85' lang='lat' dir='ltr'>semper</span> <span class='ocrx_word' id='word_1_81' title='bbox 584 1406 616 1466; x_wconf 89' lang='lat' dir='ltr'>et</span> <span class='ocrx_word' id='word_1_82' title='bbox 639 1402 757 1487; x_wconf 89' lang='lat' dir='ltr'>ubique</span> <span class='ocrx_word' id='word_1_83' title='bbox 780 1403 997 1466; x_wconf 77' lang='lat' dir='ltr'>accusativum</span> <span class='ocrx_word' id='word_1_84' title='bbox 1016 1400 1102 1478; x_wconf 82' lang='grc' dir='ltr'><strong><em>βοῦν.</em></strong></span> <span class='ocrx_word' id='word_1_85' title='bbox 1127 1401 1188 1466; x_wconf 81' lang='lat' dir='ltr'>Sed</span> <span class='ocrx_word' id='word_1_86' title='bbox 1209 1401 1284 1466; x_wconf 87' lang='lat' dir='ltr'>audi</span> <span class='ocrx_word' id='word_1_87' title='bbox 1302 1401 1506 1466; x_wconf 81' lang='lat' dir='ltr'>Behksrum:</span> 
     </span>
     <span class='ocr_line' id='line_1_11' title="bbox 324 1504 1507 1594; baseline 0 -24"><span class='ocrx_word' id='word_1_88' title='bbox 324 1505 406 1583; x_wconf 76' lang='grc' dir='ltr'>υβιῖνν</span> <span class='ocrx_word' id='word_1_89' title='bbox 430 1507 625 1570; x_wconf 75' lang='lat' dir='ltr'>Aristarchus</span> <span class='ocrx_word' id='word_1_90' title='bbox 650 1504 698 1590; x_wconf 74' lang='lat' dir='ltr'>(id</span> <span class='ocrx_word' id='word_1_91' title='bbox 718 1513 760 1570; x_wconf 80' lang='lat' dir='ltr'>eet</span> <span class='ocrx_word' id='word_1_92' title='bbox 782 1504 873 1583; x_wconf 88' lang='grc' dir='ltr'><strong><em>βοέην</em></strong></span> <span class='ocrx_word' id='word_1_93' title='bbox 897 1505 997 1594; x_wconf 74' lang='grc' dir='ltr'><strong><em>βοοῖν),</em></strong></span> <span class='ocrx_word' id='word_1_94' title='bbox 1020 1506 1096 1584; x_wconf 83' lang='grc' dir='ltr'><strong><em>βοῦν</em></strong></span> <span class='ocrx_word' id='word_1_95' title='bbox 1120 1507 1347 1591; x_wconf 66' lang='lat' dir='ltr'>Aristophanes,</span> <span class='ocrx_word' id='word_1_96' title='bbox 1371 1507 1419 1583; x_wconf 80' lang='grc' dir='ltr'>βῶ</span> <span class='ocrx_word' id='word_1_97' title='bbox 1444 1506 1507 1570; x_wconf 81' lang='lat' dir='ltr'>He·</span> 
     </span>
     <span class='ocr_line' id='line_1_12' title="bbox 320 1611 1507 1699; baseline 0.003 -26"><span class='ocrx_word' id='word_1_98' title='bbox 320 1611 491 1675; x_wconf 72' lang='grc' dir='ltr'><strong><em>σσαίσιιιιι.”</em></strong></span> <span class='ocrx_word' id='word_1_99' title='bbox 526 1611 611 1699; x_wconf 75' lang='lat' dir='ltr'>Ergo</span> <span class='ocrx_word' id='word_1_100' title='bbox 641 1613 704 1688; x_wconf 80' lang='grc' dir='ltr'>βῶν</span> <span class='ocrx_word' id='word_1_101' title='bbox 732 1633 771 1676; x_wconf 87' lang='lat' dir='ltr'>ex</span> <span class='ocrx_word' id='word_1_102' title='bbox 800 1612 895 1696; x_wconf 75' lang='grc' dir='ltr'><strong><em>βοῆν,</em></strong></span> <span class='ocrx_word' id='word_1_103' title='bbox 923 1611 1018 1696; x_wconf 88' lang='lat' dir='ltr'>idque</span> <span class='ocrx_word' id='word_1_104' title='bbox 1041 1634 1080 1678; x_wconf 81' lang='lat' dir='ltr'>ex</span> <span class='ocrx_word' id='word_1_105' title='bbox 1103 1611 1193 1689; x_wconf 90' lang='grc' dir='ltr'><strong><em>βοέην</em></strong></span> <span class='ocrx_word' id='word_1_106' title='bbox 1217 1615 1414 1678; x_wconf 86' lang='lat' dir='ltr'>contractum</span> <span class='ocrx_word' id='word_1_107' title='bbox 1438 1632 1507 1677; x_wconf 87' lang='lat' dir='ltr'>esse</span> 
     </span>
     <span class='ocr_line' id='line_1_13' title="bbox 319 1715 1507 1804; baseline 0 -22"><span class='ocrx_word' id='word_1_108' title='bbox 319 1717 461 1802; x_wconf 89' lang='lat' dir='ltr'>putabat.</span> <span class='ocrx_word' id='word_1_109' title='bbox 499 1715 561 1782; x_wconf 81' lang='lat' dir='ltr'>Sed</span> <span class='ocrx_word' id='word_1_110' title='bbox 591 1720 733 1803; x_wconf 90' lang='lat' dir='ltr'>primum</span> <span class='ocrx_word' id='word_1_111' title='bbox 763 1716 924 1783; x_wconf 88' lang='lat' dir='ltr'>Homerus</span> <span class='ocrx_word' id='word_1_112' title='bbox 954 1737 1016 1784; x_wconf 92' lang='lat' dir='ltr'>non</span> <span class='ocrx_word' id='word_1_113' title='bbox 1039 1718 1132 1782; x_wconf 88' lang='lat' dir='ltr'>aliter</span> <span class='ocrx_word' id='word_1_114' title='bbox 1155 1719 1257 1784; x_wconf 86' lang='lat' dir='ltr'>dicere</span> <span class='ocrx_word' id='word_1_115' title='bbox 1280 1720 1386 1804; x_wconf 85' lang='lat' dir='ltr'>potuit</span> <span class='ocrx_word' id='word_1_116' title='bbox 1408 1737 1507 1802; x_wconf 87' lang='lat' dir='ltr'>quam</span> 
     </span>
     <span class='ocr_line' id='line_1_14' title="bbox 319 1821 1503 1903; baseline -0.002 -15"><span class='ocrx_word' id='word_1_117' title='bbox 319 1821 413 1900; x_wconf 87' lang='grc' dir='ltr'><strong><em>βοέην</em></strong></span> <span class='ocrx_word' id='word_1_118' title='bbox 433 1827 465 1888; x_wconf 85' lang='lat' dir='ltr'>et</span> <span class='ocrx_word' id='word_1_119' title='bbox 483 1822 596 1900; x_wconf 84' lang='grc' dir='ltr'><strong><em>βοεέην.</em></strong></span> <span class='ocrx_word' id='word_1_120' title='bbox 621 1833 678 1898; x_wconf 71' lang='lat' dir='ltr'>Boi</span> <span class='ocrx_word' id='word_1_121' title='bbox 698 1826 879 1889; x_wconf 85' lang='lat' dir='ltr'>Atticorum</span> <span class='ocrx_word' id='word_1_122' title='bbox 900 1830 1002 1889; x_wconf 85' lang='lat' dir='ltr'>estut</span> <span class='ocrx_word' id='word_1_123' title='bbox 1022 1831 1146 1898; x_wconf 81' lang='grc' dir='ltr'><strong><em>λεονσῆ,</em></strong></span> <span class='ocrx_word' id='word_1_124' title='bbox 1161 1823 1323 1903; x_wconf 64' lang='lat' dir='ltr'>enodasti.</span> <span class='ocrx_word' id='word_1_125' title='bbox 1338 1823 1486 1898; x_wconf 69' lang='grc' dir='ltr'><strong><em>ἅλωσεηῆ</em></strong></span> <span class='ocrx_word' id='word_1_126' title='bbox 1495 1870 1503 1900; x_wconf 90' lang='grc'><strong><em>,</em></strong></span> 
     </span>
     <span class='ocr_line' id='line_1_15' title="bbox 320 1927 1504 2014; baseline 0.002 -23"><span class='ocrx_word' id='word_1_127' title='bbox 320 1934 408 2006; x_wconf 79' lang='grc' dir='ltr'><strong><em>κυνῆ,</em></strong></span> <span class='ocrx_word' id='word_1_128' title='bbox 445 1949 523 2014; x_wconf 86' lang='lat' dir='ltr'>quae</span> <span class='ocrx_word' id='word_1_129' title='bbox 557 1930 677 1995; x_wconf 80' lang='lat' dir='ltr'>formae</span> <span class='ocrx_word' id='word_1_130' title='bbox 710 1929 839 1996; x_wconf 90' lang='lat' dir='ltr'>Ionibus</span> <span class='ocrx_word' id='word_1_131' title='bbox 869 1950 931 1994; x_wconf 93' lang='lat' dir='ltr'>non</span> <span class='ocrx_word' id='word_1_132' title='bbox 958 1933 1034 1994; x_wconf 90' lang='lat' dir='ltr'>sunt</span> <span class='ocrx_word' id='word_1_133' title='bbox 1062 1931 1096 1993; x_wconf 94' lang='lat' dir='ltr'>in</span> <span class='ocrx_word' id='word_1_134' title='bbox 1127 1950 1207 2013; x_wconf 86' lang='lat' dir='ltr'>usu,</span> <span class='ocrx_word' id='word_1_135' title='bbox 1238 1929 1292 1994; x_wconf 90' lang='lat' dir='ltr'>sed</span> <span class='ocrx_word' id='word_1_136' title='bbox 1323 1927 1504 2008; x_wconf 71' lang='grc' dir='ltr'><strong><em>παρδαλέη,</em></strong></span> 
     </span>
     <span class='ocr_line' id='line_1_16' title="bbox 318 2033 1506 2120; baseline 0.003 -23"><span class='ocrx_word' id='word_1_137' title='bbox 318 2033 492 2113; x_wconf 69' lang='lat' dir='ltr'>dulcoris,</span> <span class='ocrx_word' id='word_1_138' title='bbox 525 2035 614 2109; x_wconf 85' lang='grc' dir='ltr'><strong><em>κυνέη</em></strong></span> <span class='ocrx_word' id='word_1_139' title='bbox 640 2034 832 2120; x_wconf 86' lang='lat' dir='ltr'>similiaque.</span> <span class='ocrx_word' id='word_1_140' title='bbox 855 2034 978 2100; x_wconf 88' lang='lat' dir='ltr'>Deinde</span> <span class='ocrx_word' id='word_1_141' title='bbox 999 2035 1100 2100; x_wconf 88' lang='lat' dir='ltr'>semel</span> <span class='ocrx_word' id='word_1_142' title='bbox 1123 2041 1320 2102; x_wconf 85' lang='lat' dir='ltr'>contractum</span> <span class='ocrx_word' id='word_1_143' title='bbox 1343 2035 1420 2114; x_wconf 78' lang='grc' dir='ltr'>βοῆν</span> <span class='ocrx_word' id='word_1_144' title='bbox 1443 2055 1506 2100; x_wconf 92' lang='lat' dir='ltr'>non</span> 
     </span>
     <span class='ocr_line' id='line_1_17' title="bbox 317 2139 1506 2226; baseline 0.002 -22"><span class='ocrx_word' id='word_1_145' title='bbox 317 2142 437 2206; x_wconf 85' lang='lat' dir='ltr'>iterum</span> <span class='ocrx_word' id='word_1_146' title='bbox 468 2141 611 2206; x_wconf 84' lang='lat' dir='ltr'>contrahi</span> <span class='ocrx_word' id='word_1_147' title='bbox 642 2145 746 2225; x_wconf 86' lang='lat' dir='ltr'>potest</span> <span class='ocrx_word' id='word_1_148' title='bbox 775 2143 809 2205; x_wconf 92' lang='lat' dir='ltr'>in</span> <span class='ocrx_word' id='word_1_149' title='bbox 832 2139 911 2218; x_wconf 82' lang='grc' dir='ltr'><strong><em>βῶν,</em></strong></span> <span class='ocrx_word' id='word_1_150' title='bbox 936 2139 1039 2226; x_wconf 88' lang='lat' dir='ltr'>qualis</span> <span class='ocrx_word' id='word_1_151' title='bbox 1062 2145 1110 2206; x_wconf 84' lang='lat' dir='ltr'>est</span> <span class='ocrx_word' id='word_1_152' title='bbox 1133 2161 1217 2206; x_wconf 89' lang='lat' dir='ltr'>error</span> <span class='ocrx_word' id='word_1_153' title='bbox 1239 2140 1367 2216; x_wconf 85' lang='lat' dir='ltr'>Kantii‚</span> <span class='ocrx_word' id='word_1_154' title='bbox 1386 2143 1443 2225; x_wconf 88' lang='lat' dir='ltr'>qui</span> <span class='ocrx_word' id='word_1_155' title='bbox 1466 2161 1506 2206; x_wconf 82' lang='lat' dir='ltr'>ex</span> 
     </span>
     <span class='ocr_line' id='line_1_18' title="bbox 320 2244 1506 2331; baseline 0.002 -21"><span class='ocrx_word' id='word_1_156' title='bbox 320 2245 466 2322; x_wconf 80' lang='grc' dir='ltr'><strong><em>νοούμενον</em></strong></span> <span class='ocrx_word' id='word_1_157' title='bbox 497 2245 574 2311; x_wconf 87' lang='lat' dir='ltr'>iecit</span> <span class='ocrx_word' id='word_1_158' title='bbox 599 2269 739 2322; x_wconf 81' lang='grc' dir='ltr'><strong><em>αναοαο,</em></strong></span> <span class='ocrx_word' id='word_1_159' title='bbox 766 2246 849 2331; x_wconf 92' lang='lat' dir='ltr'>quod</span> <span class='ocrx_word' id='word_1_160' title='bbox 871 2246 1041 2312; x_wconf 80' lang='lat' dir='ltr'>barbarum</span> <span class='ocrx_word' id='word_1_161' title='bbox 1065 2250 1123 2311; x_wconf 87' lang='lat' dir='ltr'>est.</span> <span class='ocrx_word' id='word_1_162' title='bbox 1169 2246 1335 2312; x_wconf 81' lang='lat' dir='ltr'>Praeterea</span> <span class='ocrx_word' id='word_1_163' title='bbox 1356 2244 1506 2312; x_wconf 86' lang='lat' dir='ltr'>Homeri·</span> 
     </span>
     <span class='ocr_line' id='line_1_19' title="bbox 318 2350 1506 2438; baseline 0.002 -22"><span class='ocrx_word' id='word_1_164' title='bbox 318 2372 393 2416; x_wconf 91' lang='lat' dir='ltr'>cum</span> <span class='ocrx_word' id='word_1_165' title='bbox 424 2350 498 2430; x_wconf 90' lang='grc' dir='ltr'><strong><em>βοέη</em></strong></span> <span class='ocrx_word' id='word_1_166' title='bbox 530 2354 776 2417; x_wconf 86' lang='lat' dir='ltr'>contractionem</span> <span class='ocrx_word' id='word_1_167' title='bbox 807 2354 950 2417; x_wconf 85' lang='lat' dir='ltr'>Atticam</span> <span class='ocrx_word' id='word_1_168' title='bbox 980 2354 1013 2415; x_wconf 92' lang='lat' dir='ltr'>in</span> <span class='ocrx_word' id='word_1_169' title='bbox 1044 2351 1103 2429; x_wconf 76' lang='grc' dir='ltr'>βοῆ</span> <span class='ocrx_word' id='word_1_170' title='bbox 1127 2372 1190 2416; x_wconf 89' lang='lat' dir='ltr'>non</span> <span class='ocrx_word' id='word_1_171' title='bbox 1212 2351 1355 2416; x_wconf 76' lang='lat' dir='ltr'>admittit</span> <span class='ocrx_word' id='word_1_172' title='bbox 1378 2359 1506 2438; x_wconf 86' lang='lat' dir='ltr'>propter</span> 
     </span>
     <span class='ocr_line' id='line_1_20' title="bbox 317 2455 1505 2542; baseline 0.001 -20"><span class='ocrx_word' id='word_1_173' title='bbox 317 2459 537 2542; x_wconf 81' lang='lat' dir='ltr'>interpositam</span> <span class='ocrx_word' id='word_1_174' title='bbox 569 2462 799 2523; x_wconf 77' lang='lat' dir='ltr'>consonantem.</span> <span class='ocrx_word' id='word_1_175' title='bbox 833 2457 878 2522; x_wconf 90' lang='lat' dir='ltr'>Ut</span> <span class='ocrx_word' id='word_1_176' title='bbox 906 2459 992 2521; x_wconf 92' lang='lat' dir='ltr'>enim</span> <span class='ocrx_word' id='word_1_177' title='bbox 1014 2456 1187 2523; x_wconf 81' lang='lat' dir='ltr'>Homerica</span> <span class='ocrx_word' id='word_1_178' title='bbox 1209 2462 1283 2522; x_wconf 89' lang='lat' dir='ltr'>sunt</span> <span class='ocrx_word' id='word_1_179' title='bbox 1306 2458 1403 2523; x_wconf 81' lang='grc' dir='ltr'><strong><em>σοιέιιι</em></strong></span> <span class='ocrx_word' id='word_1_180' title='bbox 1428 2455 1505 2523; x_wconf 76' lang='grc' dir='ltr'><strong><em>ποιέ-</em></strong></span> 
     </span>
     <span class='ocr_line' id='line_1_21' title="bbox 317 2561 1503 2646; baseline 0 -18"><span class='ocrx_word' id='word_1_181' title='bbox 317 2585 360 2633; x_wconf 76' lang='lat' dir='ltr'>roc</span> <span class='ocrx_word' id='word_1_182' title='bbox 394 2561 552 2636; x_wconf 73' lang='grc' dir='ltr'><strong><em>εὖπλοσέη,</em></strong></span> <span class='ocrx_word' id='word_1_183' title='bbox 581 2566 613 2627; x_wconf 91' lang='lat' dir='ltr'>et</span> <span class='ocrx_word' id='word_1_184' title='bbox 643 2562 710 2644; x_wconf 79' lang='grc' dir='ltr'><strong><em>ῥέια</em></strong></span> <span class='ocrx_word' id='word_1_185' title='bbox 733 2561 826 2646; x_wconf 66' lang='lat' dir='ltr'>diros,</span> <span class='ocrx_word' id='word_1_186' title='bbox 852 2568 885 2628; x_wconf 86' lang='lat' dir='ltr'>et</span> <span class='ocrx_word' id='word_1_187' title='bbox 907 2561 985 2643; x_wconf 79' lang='grc' dir='ltr'><strong><em>χένοι</em></strong></span> <span class='ocrx_word' id='word_1_188' title='bbox 1008 2561 1095 2643; x_wconf 78' lang='grc' dir='ltr'><strong><em>χέιοο</em></strong></span> <span class='ocrx_word' id='word_1_189' title='bbox 1119 2561 1275 2642; x_wconf 76' lang='grc' dir='ltr'><strong><em>νοινοχένος</em></strong></span> <span class='ocrx_word' id='word_1_190' title='bbox 1300 2562 1503 2644; x_wconf 78' lang='grc' dir='ltr'><strong><em>χροσοχέσοη,</em></strong></span> 
     </span>
     <span class='ocr_line' id='line_1_22' title="bbox 317 2666 1503 2746; baseline -0.003 -12"><span class='ocrx_word' id='word_1_191' title='bbox 317 2673 350 2735; x_wconf 83' lang='lat' dir='ltr'>et</span> <span class='ocrx_word' id='word_1_192' title='bbox 372 2666 439 2733; x_wconf 76' lang='grc' dir='ltr'><strong><em>θένα</em></strong></span> <span class='ocrx_word' id='word_1_193' title='bbox 464 2668 556 2744; x_wconf 71' lang='lat' dir='ltr'>decdo,</span> <span class='ocrx_word' id='word_1_194' title='bbox 581 2666 672 2732; x_wconf 81' lang='grc' dir='ltr'><strong><em>σνένιο</em></strong></span> <span class='ocrx_word' id='word_1_195' title='bbox 697 2669 798 2739; x_wconf 78' lang='grc' dir='ltr'><strong><em>σνέιος</em></strong></span> <span class='ocrx_word' id='word_1_196' title='bbox 822 2671 854 2732; x_wconf 83' lang='lat' dir='ltr'>et</span> <span class='ocrx_word' id='word_1_197' title='bbox 870 2667 975 2743; x_wconf 77' lang='grc' dir='ltr'><strong><em>σνονη,</em></strong></span> <span class='ocrx_word' id='word_1_198' title='bbox 996 2671 1041 2733; x_wconf 90' lang='lat' dir='ltr'>sic</span> <span class='ocrx_word' id='word_1_199' title='bbox 1060 2666 1162 2746; x_wconf 82' lang='grc' dir='ltr'><strong><em>βονές,</em></strong></span> <span class='ocrx_word' id='word_1_200' title='bbox 1183 2667 1263 2745; x_wconf 83' lang='grc' dir='ltr'><strong><em>βονέ.</em></strong></span> <span class='ocrx_word' id='word_1_201' title='bbox 1282 2667 1389 2745; x_wconf 78' lang='grc' dir='ltr'><strong><em>βένες,</em></strong></span> <span class='ocrx_word' id='word_1_202' title='bbox 1409 2666 1503 2740; x_wconf 80' lang='grc' dir='ltr'><strong><em>βέιας</em></strong></span> 
     </span>
     <span class='ocr_line' id='line_1_23' title="bbox 318 2773 1504 2858; baseline 0.002 -21"><span class='ocrx_word' id='word_1_203' title='bbox 318 2774 414 2850; x_wconf 63' lang='lat' dir='ltr'>doch,</span> <span class='ocrx_word' id='word_1_204' title='bbox 435 2775 516 2844; x_wconf 79' lang='lat' dir='ltr'>davi.</span> <span class='ocrx_word' id='word_1_205' title='bbox 539 2774 639 2844; x_wconf 81' lang='lat' dir='ltr'>boves.</span> <span class='ocrx_word' id='word_1_206' title='bbox 664 2774 782 2840; x_wconf 86' lang='lat' dir='ltr'>hahent</span> <span class='ocrx_word' id='word_1_207' title='bbox 800 2777 835 2838; x_wconf 82' lang='grc' dir='ltr'>τὸ</span> <span class='ocrx_word' id='word_1_208' title='bbox 854 2774 1017 2851; x_wconf 76' lang='grc' dir='ltr'><strong><em>δέναμμα.</em></strong></span> <span class='ocrx_word' id='word_1_209' title='bbox 1038 2774 1148 2858; x_wconf 81' lang='lat' dir='ltr'>Itaque</span> <span class='ocrx_word' id='word_1_210' title='bbox 1167 2773 1252 2852; x_wconf 78' lang='grc' dir='ltr'><strong><em>βονέη</em></strong></span> <span class='ocrx_word' id='word_1_211' title='bbox 1272 2782 1305 2840; x_wconf 86' lang='lat' dir='ltr'>et</span> <span class='ocrx_word' id='word_1_212' title='bbox 1324 2773 1423 2852; x_wconf 82' lang='grc' dir='ltr'><strong><em>βοιεέη</em></strong></span> <span class='ocrx_word' id='word_1_213' title='bbox 1441 2795 1504 2840; x_wconf 91' lang='lat' dir='ltr'>non</span> 
     </span>
     <span class='ocr_line' id='line_1_24' title="bbox 317 2879 1505 2967; baseline 0.002 -23"><span class='ocrx_word' id='word_1_214' title='bbox 317 2883 423 2967; x_wconf 81' lang='lat' dir='ltr'>magis</span> <span class='ocrx_word' id='word_1_215' title='bbox 454 2879 596 2946; x_wconf 81' lang='lat' dir='ltr'>contrahi</span> <span class='ocrx_word' id='word_1_216' title='bbox 624 2885 756 2965; x_wconf 87' lang='lat' dir='ltr'>possunt</span> <span class='ocrx_word' id='word_1_217' title='bbox 786 2899 883 2964; x_wconf 82' lang='lat' dir='ltr'>quam</span> <span class='ocrx_word' id='word_1_218' title='bbox 910 2879 1051 2952; x_wconf 70' lang='grc' dir='ltr'><strong><em>εὐσηοιέη</em></strong></span> <span class='ocrx_word' id='word_1_219' title='bbox 1078 2887 1134 2945; x_wconf 86' lang='lat' dir='ltr'>eut</span> <span class='ocrx_word' id='word_1_220' title='bbox 1155 2880 1339 2961; x_wconf 76' lang='grc' dir='ltr'><strong><em>χρυσοχέιος</em></strong></span> <span class='ocrx_word' id='word_1_221' title='bbox 1363 2885 1420 2945; x_wconf 87' lang='lat' dir='ltr'>sut</span> <span class='ocrx_word' id='word_1_222' title='bbox 1443 2879 1505 2946; x_wconf 80' lang='lat' dir='ltr'>alis</span> 
     </span>
     <span class='ocr_line' id='line_1_25' title="bbox 316 2985 1505 3071; baseline 0.001 -22"><span class='ocrx_word' id='word_1_223' title='bbox 316 2985 548 3051; x_wconf 86' lang='lat' dir='ltr'>eiusdemmodi</span> <span class='ocrx_word' id='word_1_224' title='bbox 572 2991 728 3051; x_wconf 82' lang='lat' dir='ltr'>sexcenta.</span> <span class='ocrx_word' id='word_1_225' title='bbox 752 2985 873 3050; x_wconf 83' lang='lat' dir='ltr'>Eladem</span> <span class='ocrx_word' id='word_1_226' title='bbox 896 3005 990 3071; x_wconf 85' lang='lat' dir='ltr'>opera</span> <span class='ocrx_word' id='word_1_227' title='bbox 1007 2986 1189 3051; x_wconf 82' lang='lat' dir='ltr'>confutatur</span> <span class='ocrx_word' id='word_1_228' title='bbox 1208 2985 1312 3050; x_wconf 86' lang='lat' dir='ltr'>futilis</span> <span class='ocrx_word' id='word_1_229' title='bbox 1330 2985 1505 3052; x_wconf 88' lang='lat' dir='ltr'>Herodiani</span> 
     </span>
     <span class='ocr_line' id='line_1_26' title="bbox 318 3089 1505 3177; baseline -0.002 -21"><span class='ocrx_word' id='word_1_230' title='bbox 318 3092 496 3156; x_wconf 87' lang='lat' dir='ltr'>coniectura</span> <span class='ocrx_word' id='word_1_231' title='bbox 523 3091 569 3170; x_wconf 75' lang='grc' dir='ltr'><strong><em>βῖι·</em></strong></span> <span class='ocrx_word' id='word_1_232' title='bbox 600 3111 657 3176; x_wconf 88' lang='lat' dir='ltr'>pro</span> <span class='ocrx_word' id='word_1_233' title='bbox 687 3090 768 3170; x_wconf 76' lang='grc' dir='ltr'><strong><em>βέατ</em></strong></span> <span class='ocrx_word' id='word_1_234' title='bbox 801 3093 877 3175; x_wconf 84' lang='lat' dir='ltr'>quio</span> <span class='ocrx_word' id='word_1_235' title='bbox 906 3112 1007 3177; x_wconf 88' lang='lat' dir='ltr'>neque</span> <span class='ocrx_word' id='word_1_236' title='bbox 1038 3091 1100 3170; x_wconf 84' lang='grc' dir='ltr'>βέα</span> <span class='ocrx_word' id='word_1_237' title='bbox 1133 3089 1292 3157; x_wconf 84' lang='lat' dir='ltr'>Graecum</span> <span class='ocrx_word' id='word_1_238' title='bbox 1323 3097 1372 3158; x_wconf 83' lang='lat' dir='ltr'>est</span> <span class='ocrx_word' id='word_1_239' title='bbox 1400 3095 1452 3168; x_wconf 83' lang='lat' dir='ltr'>et,</span> <span class='ocrx_word' id='word_1_240' title='bbox 1477 3090 1505 3155; x_wconf 90' lang='lat' dir='ltr'>si</span> 
     </span>
     <span class='ocr_line' id='line_1_27' title="bbox 317 3196 1503 3284; baseline 0 -24"><span class='ocrx_word' id='word_1_241' title='bbox 317 3199 556 3280; x_wconf 83' lang='lat' dir='ltr'>quammaxime</span> <span class='ocrx_word' id='word_1_242' title='bbox 580 3201 678 3274; x_wconf 85' lang='lat' dir='ltr'>esset,</span> <span class='ocrx_word' id='word_1_243' title='bbox 703 3196 780 3274; x_wconf 81' lang='grc' dir='ltr'><strong><em>βέια</em></strong></span> <span class='ocrx_word' id='word_1_244' title='bbox 804 3198 843 3262; x_wconf 92' lang='lat' dir='ltr'>oh</span> <span class='ocrx_word' id='word_1_245' title='bbox 865 3197 1007 3262; x_wconf 87' lang='lat' dir='ltr'>mediam</span> <span class='ocrx_word' id='word_1_246' title='bbox 1028 3201 1251 3262; x_wconf 83' lang='lat' dir='ltr'>consonantem</span> <span class='ocrx_word' id='word_1_247' title='bbox 1269 3199 1302 3262; x_wconf 92' lang='lat' dir='ltr'>in</span> <span class='ocrx_word' id='word_1_248' title='bbox 1321 3217 1420 3263; x_wconf 84' lang='lat' dir='ltr'>uuum</span> <span class='ocrx_word' id='word_1_249' title='bbox 1440 3196 1503 3284; x_wconf 80' lang='lat' dir='ltr'>syl·</span> 
     </span>
     <span class='ocr_line' id='line_1_28' title="bbox 317 3299 1504 3388; baseline 0.001 -22"><span class='ocrx_word' id='word_1_250' title='bbox 317 3299 423 3366; x_wconf 80' lang='lat' dir='ltr'>lahem</span> <span class='ocrx_word' id='word_1_251' title='bbox 454 3301 625 3369; x_wconf 83' lang='lat' dir='ltr'>coalescere</span> <span class='ocrx_word' id='word_1_252' title='bbox 654 3305 774 3387; x_wconf 90' lang='lat' dir='ltr'>nequit.</span> <span class='ocrx_word' id='word_1_253' title='bbox 802 3303 913 3388; x_wconf 86' lang='lat' dir='ltr'>Itaque</span> <span class='ocrx_word' id='word_1_254' title='bbox 937 3301 1174 3368; x_wconf 77' lang='lat' dir='ltr'>Aristarcheum</span> <span class='ocrx_word' id='word_1_255' title='bbox 1197 3302 1260 3380; x_wconf 78' lang='grc' dir='ltr'>βῶν</span> <span class='ocrx_word' id='word_1_256' title='bbox 1282 3301 1372 3368; x_wconf 89' lang='lat' dir='ltr'>nullo</span> <span class='ocrx_word' id='word_1_257' title='bbox 1395 3302 1504 3368; x_wconf 79' lang='lat' dir='ltr'>funda</span> 
     </span>
     <span class='ocr_line' id='line_1_29' title="bbox 317 3409 1505 3494; baseline 0.001 -23"><span class='ocrx_word' id='word_1_258' title='bbox 317 3413 426 3472; x_wconf 90' lang='lat' dir='ltr'>mento</span> <span class='ocrx_word' id='word_1_259' title='bbox 455 3409 568 3472; x_wconf 80' lang='lat' dir='ltr'>nixum</span> <span class='ocrx_word' id='word_1_260' title='bbox 600 3410 739 3485; x_wconf 88' lang='lat' dir='ltr'>corruit,</span> <span class='ocrx_word' id='word_1_261' title='bbox 763 3414 795 3474; x_wconf 89' lang='lat' dir='ltr'>et</span> <span class='ocrx_word' id='word_1_262' title='bbox 817 3410 909 3473; x_wconf 88' lang='lat' dir='ltr'>unice</span> <span class='ocrx_word' id='word_1_263' title='bbox 931 3429 1045 3474; x_wconf 76' lang='lat' dir='ltr'>uerum</span> <span class='ocrx_word' id='word_1_264' title='bbox 1067 3412 1116 3473; x_wconf 88' lang='lat' dir='ltr'>est</span> <span class='ocrx_word' id='word_1_265' title='bbox 1140 3409 1406 3494; x_wconf 76' lang='lat' dir='ltr'>Aristophaneum</span> <span class='ocrx_word' id='word_1_266' title='bbox 1429 3409 1505 3486; x_wconf 85' lang='grc' dir='ltr'><strong><em>βοῦν</em></strong></span> 
     </span>
     <span class='ocr_line' id='line_1_30' title="bbox 317 3511 1504 3599; baseline 0.002 -21"><span class='ocrx_word' id='word_1_267' title='bbox 317 3511 468 3594; x_wconf 70' lang='grc' dir='ltr'><strong><em>ἀζαλέην,</em></strong></span> <span class='ocrx_word' id='word_1_268' title='bbox 501 3513 585 3598; x_wconf 91' lang='lat' dir='ltr'>quod</span> <span class='ocrx_word' id='word_1_269' title='bbox 613 3514 755 3598; x_wconf 87' lang='lat' dir='ltr'>undique</span> <span class='ocrx_word' id='word_1_270' title='bbox 781 3519 890 3578; x_wconf 89' lang='lat' dir='ltr'>tutum</span> <span class='ocrx_word' id='word_1_271' title='bbox 914 3519 970 3579; x_wconf 86' lang='lat' dir='ltr'>est.</span> <span class='ocrx_word' id='word_1_272' title='bbox 1007 3517 1081 3585; x_wconf 75' lang='grc' dir='ltr'>Βοῦς</span> <span class='ocrx_word' id='word_1_273' title='bbox 1105 3515 1192 3578; x_wconf 84' lang='lat' dir='ltr'>enim</span> <span class='ocrx_word' id='word_1_274' title='bbox 1215 3517 1385 3593; x_wconf 74' lang='grc' dir='ltr'>Ὁμηρικῶς</span> <span class='ocrx_word' id='word_1_275' title='bbox 1411 3513 1504 3599; x_wconf 81' lang='lat' dir='ltr'>plane</span> 
     </span>
    </p>
   </div>
   <div class='ocr_carea' id='block_1_3' title="bbox 316 3617 1504 4335">
    <p class='ocr_par' dir='ltr' id='par_1_3' title="bbox 316 3617 1504 3812">
     <span class='ocr_line' id='line_1_31' title="bbox 317 3617 1504 3708; baseline 0.002 -25"><span class='ocrx_word' id='word_1_276' title='bbox 317 3618 401 3684; x_wconf 91' lang='lat' dir='ltr'>idem</span> <span class='ocrx_word' id='word_1_277' title='bbox 425 3619 584 3708; x_wconf 77' lang='lat' dir='ltr'>significat</span> <span class='ocrx_word' id='word_1_278' title='bbox 607 3620 689 3705; x_wconf 90' lang='lat' dir='ltr'>quod</span> <span class='ocrx_word' id='word_1_279' title='bbox 713 3618 828 3704; x_wconf 69' lang='grc' dir='ltr'><strong><em>ἀσπίς,</em></strong></span> <span class='ocrx_word' id='word_1_280' title='bbox 852 3618 966 3694; x_wconf 62' lang='lat' dir='ltr'>sexos,</span> <span class='ocrx_word' id='word_1_281' title='bbox 991 3617 1064 3698; x_wconf 92' lang='grc' dir='ltr'><strong><em>βοέη</em></strong></span> <span class='ocrx_word' id='word_1_282' title='bbox 1089 3624 1122 3684; x_wconf 89' lang='lat' dir='ltr'>et</span> <span class='ocrx_word' id='word_1_283' title='bbox 1136 3619 1244 3697; x_wconf 83' lang='grc' dir='ltr'><strong><em>βοεέη.</em></strong></span> <span class='ocrx_word' id='word_1_284' title='bbox 1293 3619 1504 3699; x_wconf 82' lang='lat' dir='ltr'>Quemadmo</span> 
     </span>
     <span class='ocr_line' id='line_1_32' title="bbox 316 3723 965 3812; baseline 0 -22"><span class='ocrx_word' id='word_1_285' title='bbox 316 3725 393 3790; x_wconf 91' lang='lat' dir='ltr'>dum</span> <span class='ocrx_word' id='word_1_286' title='bbox 418 3728 539 3812; x_wconf 89' lang='lat' dir='ltr'>optime</span> <span class='ocrx_word' id='word_1_287' title='bbox 562 3725 792 3792; x_wconf 85' lang='lat' dir='ltr'>diciturillud.</span> <span class='ocrx_word' id='word_1_288' title='bbox 816 3735 863 3791; x_wconf 88' lang='lat' dir='ltr'>M.</span> <span class='ocrx_word' id='word_1_289' title='bbox 890 3723 965 3792; x_wconf 81' lang='lat'>137.</span> 
     </span>
    </p>

    <p class='ocr_par' dir='ltr' id='par_1_4' title="bbox 476 3823 1308 3914">
     <span class='ocr_line' id='line_1_33' title="bbox 476 3823 1308 3914; baseline 0 -18"><span class='ocrx_word' id='word_1_290' title='bbox 476 3823 503 3897; x_wconf 82' lang='lat' dir='ltr'>oi</span> <span class='ocrx_word' id='word_1_291' title='bbox 526 3831 552 3896; x_wconf 77' lang='grc' dir='ltr'>δ’</span> <span class='ocrx_word' id='word_1_292' title='bbox 576 3831 637 3904; x_wconf 66' lang='lat' dir='ltr'>itas</span> <span class='ocrx_word' id='word_1_293' title='bbox 662 3829 733 3914; x_wconf 74' lang='grc' dir='ltr'>πρὸς</span> <span class='ocrx_word' id='word_1_294' title='bbox 757 3837 862 3910; x_wconf 76' lang='grc' dir='ltr'><strong><em>τοῖχος</em></strong></span> <span class='ocrx_word' id='word_1_295' title='bbox 887 3830 1035 3910; x_wconf 78' lang='grc' dir='ltr'><strong><em>έΰδμησον</em></strong></span> <span class='ocrx_word' id='word_1_296' title='bbox 1059 3839 1170 3896; x_wconf 73' lang='lat' dir='ltr'>Bone</span> <span class='ocrx_word' id='word_1_297' title='bbox 1194 3839 1308 3896; x_wconf 68' lang='lat' dir='ltr'>Adae</span> 
     </span>
    </p>

    <p class='ocr_par' dir='ltr' id='par_1_5' title="bbox 316 3933 1503 4335">
     <span class='ocr_line' id='line_1_34' title="bbox 481 3933 1247 4017; baseline 0.001 -18"><span class='ocrx_word' id='word_1_298' title='bbox 481 3936 570 4015; x_wconf 66' lang='lat' dir='ltr'>dddc&#39;</span> <span class='ocrx_word' id='word_1_299' title='bbox 593 3934 801 4015; x_wconf 70' lang='grc' dir='ltr'><strong><em>ανασχέμενοι</em></strong></span> <span class='ocrx_word' id='word_1_300' title='bbox 826 3933 903 4000; x_wconf 79' lang='grc' dir='ltr'><strong><em>ἔκιον</em></strong></span> <span class='ocrx_word' id='word_1_301' title='bbox 926 3935 1060 4016; x_wconf 68' lang='grc' dir='ltr'><strong><em>μεγαλῳ</em></strong></span> <span class='ocrx_word' id='word_1_302' title='bbox 1084 3937 1247 4017; x_wconf 64' lang='lat' dir='ltr'>dicturis.</span> 
     </span>
     <span class='ocr_line' id='line_1_35' title="bbox 316 4039 1502 4130; baseline -0.002 -22"><span class='ocrx_word' id='word_1_303' title='bbox 316 4043 426 4108; x_wconf 81' lang='lat' dir='ltr'>eodem</span> <span class='ocrx_word' id='word_1_304' title='bbox 450 4042 545 4108; x_wconf 89' lang='lat' dir='ltr'>modo</span> <span class='ocrx_word' id='word_1_305' title='bbox 568 4044 601 4107; x_wconf 88' lang='lat' dir='ltr'>in</span> <span class='ocrx_word' id='word_1_306' title='bbox 624 4041 780 4130; x_wconf 75' lang='lat' dir='ltr'>singulari</span> <span class='ocrx_word' id='word_1_307' title='bbox 803 4043 924 4127; x_wconf 81' lang='lat' dir='ltr'>optime</span> <span class='ocrx_word' id='word_1_308' title='bbox 947 4041 1043 4108; x_wconf 81' lang='lat' dir='ltr'>habet</span> <span class='ocrx_word' id='word_1_309' title='bbox 1061 4049 1199 4119; x_wconf 75' lang='grc' dir='ltr'><strong><em>νωμῆσαι</em></strong></span> <span class='ocrx_word' id='word_1_310' title='bbox 1220 4049 1333 4107; x_wconf 87' lang='grc' dir='ltr'>ΒΟΤΝ</span> <span class='ocrx_word' id='word_1_311' title='bbox 1351 4039 1502 4123; x_wconf 59' lang='lat' dir='ltr'>acasius,</span> 
     </span>
     <span class='ocr_line' id='line_1_36' title="bbox 318 4146 1503 4232; baseline -0.001 -19"><span class='ocrx_word' id='word_1_312' title='bbox 318 4152 350 4213; x_wconf 82' lang='lat' dir='ltr'>et</span> <span class='ocrx_word' id='word_1_313' title='bbox 380 4148 444 4226; x_wconf 77' lang='grc' dir='ltr'>βῶν</span> <span class='ocrx_word' id='word_1_314' title='bbox 474 4147 557 4213; x_wconf 88' lang='lat' dir='ltr'>nihil</span> <span class='ocrx_word' id='word_1_315' title='bbox 587 4147 675 4212; x_wconf 84' lang='lat' dir='ltr'>aliud</span> <span class='ocrx_word' id='word_1_316' title='bbox 699 4151 746 4212; x_wconf 78' lang='lat' dir='ltr'>ssi</span> <span class='ocrx_word' id='word_1_317' title='bbox 768 4168 866 4231; x_wconf 80' lang='lat' dir='ltr'>quam</span> <span class='ocrx_word' id='word_1_318' title='bbox 890 4147 1032 4230; x_wconf 67' lang='grc' dir='ltr'><strong><em>σφάλμα</em></strong></span> <span class='ocrx_word' id='word_1_319' title='bbox 1056 4154 1112 4212; x_wconf 83' lang='grc' dir='ltr'>τῶν</span> <span class='ocrx_word' id='word_1_320' title='bbox 1136 4149 1190 4224; x_wconf 64' lang='lat' dir='ltr'>rico</span> <span class='ocrx_word' id='word_1_321' title='bbox 1214 4146 1353 4230; x_wconf 79' lang='grc' dir='ltr'><strong><em>οξρχαέαν</em></strong></span> <span class='ocrx_word' id='word_1_322' title='bbox 1375 4150 1503 4232; x_wconf 64' lang='grc' dir='ltr'><strong><em>γραφὴν</em></strong></span> 
     </span>
     <span class='ocr_line' id='line_1_37' title="bbox 318 4251 943 4335; baseline 0.002 -17"><span class='ocrx_word' id='word_1_323' title='bbox 318 4262 403 4318; x_wconf 85' lang='lat' dir='ltr'>BON</span> <span class='ocrx_word' id='word_1_324' title='bbox 428 4255 528 4326; x_wconf 83' lang='grc' dir='ltr'><strong><em>κακῶς</em></strong></span> <span class='ocrx_word' id='word_1_325' title='bbox 551 4251 943 4335; x_wconf 78' lang='grc' dir='ltr'><strong><em>μεσαχαρανσηρισοένσιον.</em></strong></span> 
     </span>
    </p>
   </div>
   <div class='ocr_carea' id='block_1_4' title="bbox 362 4461 1503 4552">
    <p class='ocr_par' dir='ltr' id='par_1_6' title="bbox 362 4461 1503 4552">
     <span class='ocr_line' id='line_1_38' title="bbox 362 4461 1503 4552; baseline 0.004 -24"><span class='ocrx_word' id='word_1_326' title='bbox 362 4461 409 4528; x_wconf 76' lang='lat' dir='ltr'>hx</span> <span class='ocrx_word' id='word_1_327' title='bbox 434 4461 542 4528; x_wconf 86' lang='lat' dir='ltr'>eodem</span> <span class='ocrx_word' id='word_1_328' title='bbox 566 4465 668 4550; x_wconf 74' lang='lat' dir='ltr'>igitur</span> <span class='ocrx_word' id='word_1_329' title='bbox 691 4461 784 4534; x_wconf 77' lang='lat' dir='ltr'>fonte¹</span> <span class='ocrx_word' id='word_1_330' title='bbox 798 4468 969 4529; x_wconf 83' lang='lat' dir='ltr'>manarunt</span> <span class='ocrx_word' id='word_1_331' title='bbox 992 4469 1024 4528; x_wconf 87' lang='lat' dir='ltr'>et</span> <span class='ocrx_word' id='word_1_332' title='bbox 1047 4462 1104 4529; x_wconf 90' lang='lat' dir='ltr'>alii</span> <span class='ocrx_word' id='word_1_333' title='bbox 1127 4482 1263 4548; x_wconf 87' lang='lat' dir='ltr'>errores,</span> <span class='ocrx_word' id='word_1_334' title='bbox 1287 4483 1365 4551; x_wconf 91' lang='lat' dir='ltr'>qnos</span> <span class='ocrx_word' id='word_1_335' title='bbox 1384 4466 1503 4552; x_wconf 82' lang='lat' dir='ltr'>purtim</span> 
     </span>
    </p>
   </div>
   <div class='ocr_carea' id='block_1_5' title="bbox 0 0 1682 5086">
    <p class='ocr_par' dir='ltr' id='par_1_7' title="bbox 0 0 1682 5086">
     <span class='ocr_line' id='line_1_39' title="bbox 0 0 1682 5086; baseline 0 1"><span class='ocrx_word' id='word_1_336' title='bbox 0 0 1682 5086; x_wconf 95' lang='lat' dir='ltr'> </span> 
     </span>
    </p>
   </div>
  </div>
 </body>
</html>
