3308 5090
709 373 753 450 dd

116 569 239 655 ροεείί,
271 572 375 639 veluti
397 592 470 661 pag.
495 570 551 639 54.
576 572 630 639 10.
654 575 709 648 τίρν
734 573 863 653 ίρημίαν
885 577 944 639 τῶν
967 570 1162 640 κωλυσόντων
1186 575 1266 658 ίρῶν.
1292 575 1326 642 et

121 697 203 764 pag.
240 675 294 743 36.
325 677 357 744 2.
381 674 452 752 δσης
483 677 622 752 άπαντες
653 680 743 760 ίράτε
774 680 900 760 ἐρημίας
931 678 1163 756 ἑπειλημμίνσι.
1195 686 1228 748 et
1250 701 1324 770 pag.

126 781 211 848 171.
235 783 289 848 23.
314 793 369 859 τῆς
393 790 451 848 τῶν
475 784 733 863 ἐναντιωσομένων
757 786 883 866 ἐρημίας
908 785 1084 850 άτολαύιιν.

176 887 346 957 Praeterea
377 911 433 956 eur
460 892 643 977 importune
672 893 847 976 repetitum
879 891 1014 971 ἡσυχίας
1038 894 1084 956 εἰσ
1108 891 1326 960 inducendum

124 995 226 1060 fseile
255 994 460 1084 intelligitur.
517 995 695 1085 Cogitando
724 998 811 1062 enim
841 1001 1016 1082 utrumque
1047 996 1261 1082 supplendum
1292 1001 1327 1064 in

128 1099 184 1165 ἐπὶ
216 1110 334 1175 πολλῆς
358 1100 415 1180 μίν
437 1139 478 1150 -
503 1103 552 1168 ἐπί
577 1111 696 1177 πολλοῖς
719 1103 750 1167 δέ
761 1150 770 1180 ,
795 1122 909 1188 nempe
934 1103 1069 1183 ἡσυχίας
1096 1105 1147 1167 καί
1174 1103 1325 1184 ἐρημίας,

129 1211 167 1272 et
188 1219 237 1273 est
259 1227 296 1272 ea
319 1206 439 1294 ellipsis
460 1227 524 1274 nou
545 1213 672 1273 tantum
693 1207 822 1296 elegans
841 1208 896 1274 sed
914 1213 1068 1294 perpetua
1089 1213 1122 1273 et
1141 1211 1325 1276 necessaria.

178 1419 260 1507 Pag.
293 1417 369 1484 169.
400 1417 431 1484 8.
461 1419 495 1485 τί
524 1416 591 1499 οὖν,
622 1419 703 1502 Φαίη
734 1442 781 1494 τις
814 1417 869 1494 άν,
893 1423 1000 1485 ταῦτα
1023 1425 1074 1484 νῦν
1096 1419 1216 1500 atym
1241 1417 1327 1484 Ins

134 1524 167 1590 τί
196 1519 245 1590 οὖν
276 1529 380 1590 ταῦτα
410 1530 480 1604 νῦν,
512 1528 593 1604 Φαίη
625 1551 672 1599 τις
705 1526 764 1612 rip,
797 1524 901 1604 λέγοις
932 1529 1053 1591 ineerta
1084 1526 1157 1592 sede
1186 1525 1327 1592 volitans

133 1629 296 1696 emblema
327 1631 381 1697 vel
410 1631 486 1698 hina
516 1635 672 1722 arguitur.
718 1630 841 1698 Deinde
871 1632 954 1713 φαίη
986 1656 1032 1705 τις
1057 1629 1095 1696 aiv
1126 1631 1323 1718 postulabat,

134 1737 246 1815 eredo,
270 1736 412 1817 λίρΘΙΟ.

181 1949 262 2039 Pag.
297 1949 373 2016 169.
408 1950 460 2017 13.
491 1949 529 2018 διν
551 1952 608 2030 μὲν
636 1952 724 2029 ὑμεῖς
749 1956 800 2017 νῦν
823 1953 966 2026 πεισθῆτε
989 1949 1104 2016 τούτοιν
1127 1951 1228 2032 καιρδν
1250 1946 1328 2016 είναι

137 2055 370 2144 [νομίσαντες],
403 2053 477 2123 ίταν
511 2058 612 2124 αὐτῶν
641 2059 683 2131 είς
714 2059 825 2137 χρείαν
851 2055 960 2131 ἔλίητε
983 2053 1094 2132 ἕτοιμα
1118 2056 1264 2138 ὑπάρξει·
1288 2056 1327 2122 άν

135 2164 161 2226 δ’
193 2163 339 2242 άκαιρίαν
372 2163 561 2242 ἡγησάμενοι
593 2163 761 2244 παρίδητε,
795 2159 870 2227 ὅταν
900 2161 951 2244 δίη
979 2163 1112 2242 χρῆσθαι
1134 2163 1201 2228 τότ’
1224 2163 1328 2241 άναγ-

135 2270 326 2343 κασίιίσεσίε
358 2267 659 2350 παρασκευάζεσθαι.
706 2269 917 2335 Manifestum
948 2273 997 2334 est
1026 2267 1128 2347 καιρδν
1155 2264 1231 2333 είναι
1253 2289 1328 2354 peu·

136 2373 209 2440 dere
239 2396 280 2440 ex
311 2375 473 2460 πεισίῆτετ
504 2379 613 2461 itaque
642 2376 810 2460 participio
834 2373 1014 2452 veretrorum
1038 2372 1148 2439 nullus
1169 2372 1258 2440 loeus
1280 2377 1328 2436 est

136 2479 276 2546 relictus.
322 2479 512 2548 Rectissime
542 2483 646 2570 igitur
675 2483 709 2544 in
740 2479 943 2546 demissum
966 2483 1015 2546 est
1038 2484 1200 2545 ettamen
1223 2479 1328 2544 neseio
1370 2465 1375 2476 '

138 2585 295 2670 quomodo
318 2587 357 2652 ab
381 2588 530 2653 omnibus
553 2590 718 2652 retinetur.

181 2797 261 2886 Peg.
298 2795 374 2864 170.
407 2797 460 2864 25.
494 2799 546 2864 καί
580 2801 613 2873 νη
647 2798 711 2864 Δία
748 2799 835 2887 [γε],
861 2795 881 2864 ὦ
906 2796 1009 2879 άνδρεο
1033 2799 1206 2874 Ἀίηναῑοι,
1232 2793 1328 2876 ἕτεροί

139 2927 177 2980 γε
199 2905 287 2982 λίνον
307 2905 530 2984 παρερρυήκασι
551 2907 624 2985 πρὸς
644 2907 726 2983 ὑμᾶς
747 2904 870 2984 ψευδεῖς
892 2905 944 2969 καί
966 2903 1073 2969 πολλά
1093 2905 1148 2979 την
1168 2903 1328 2968 πολιτείαν

139 3007 335 3085 βλάπτοντες
359 3006 416 3076 οίσν
440 3012 470 3075 ἐν
492 3018 555 3083 τοῖς
578 3011 759 3089 δικαςηρίοις
786 3010 858 3090 ὑμῖν
882 3010 945 3080 aa
969 3013 986 3086 ἦ
1008 3011 1150 3089 σωτηρία.
1198 3009 1328 3095 Expun-

139 3115 280 3202 gendum
303 3122 351 3181 est
372 3120 461 3202 prius
484 3141 543 3195 ys,
567 3138 629 3182 non
652 3119 829 3202 posteriue,
853 3119 892 3181 ut
912 3115 1058 3181 Editor-es
1079 3114 1232 3180 fecerunt.
1270 3113 1329 3179 list

141 3223 225 3286 enim
254 3221 397 3288 cadentis
427 3219 619 3288 Graecitatis
649 3223 702 3286 καί
733 3225 767 3297 νίρ
799 3223 863 3287 Δία
895 3247 957 3301 γε,
982 3229 1019 3287 ut
1041 3217 1223 3286 Dindorfiua
1245 3225 1330 3286 reete

141 3325 317 3392 admonuit.
363 3326 528 3395 Praeclare
551 3327 590 3394 de
614 3350 651 3395 ea
674 3350 707 3395 re
731 3331 878 3414 exposuit
898 3327 1057 3394 Porsenae
1080 3329 1115 3391 in
1137 3327 1330 3392 Adversaris

141 3451 214 3521 aa·
240 3431 295 3498 33·
319 3453 386 3520 sea·

183 3538 353 3605 Praeterea
382 3539 595 3626 supplendum
626 3535 684 3606 σίου
714 3537 785 3631 (dre)
809 3543 840 3607 ἒν
862 3549 926 3614 τοῖς
949 3541 1130 3620 δικατηρίοις
1155 3541 1219 3607 κτὲ.
1258 3536 1330 3606 Οίον

142 3651 188 3710 est
209 3647 321 3724 νιίιιίί,
346 3648 470 3731 exempli
487 3647 591 3728 ρσαίία
614 3653 647 3713 et
669 3649 787 3714 omisso
810 3645 857 3713 ίίτι
879 3647 977 3714 verbs
998 3667 1062 3714 non
1086 3653 1240 3715 constant.

186 3751 272 3833 Quid
303 3757 351 3817 eat
381 3757 506 3818 autem:
539 3753 569 3817 ἑν
591 3761 655 3826 τοῖς
686 3753 868 3834 δικαςηρίοις
899 3756 970 3824 ὑμῖν
992 3755 1055 3823 eiu
1078 3757 1096 3830 ἦ
1121 3756 1254 3834 σωτηρία
1276 3755 1329 3820 καί

142 3858 189 3924 δεῖ
208 3867 248 3940 τῇ
272 3858 370 3939 ψήφῳ
393 3861 448 3933 την
471 3859 630 3925 πολιτείαν
655 3859 736 3938 ὑμᾶς
761 3857 958 3942 Φυλάσσεινί
978 3859 1188 3946 Perspicuum
1208 3861 1242 3926 id
1262 3865 1331 3947 qui·

142 3965 214 4031 dem
238 3969 303 4042 est,
328 3983 459 4050 nempe:
482 3973 615 4050 „oportet
632 3988 683 4031 υοε
701 3967 894 4030 condemnare
912 3987 1008 4030 οισιιοι
1026 3966 1097 4037 τοὺς
1110 3967 1330 4047 ὀλιγαρχικοὺς

143 4071 193 4136 καί
227 4068 433 4155 μισοδήμους..
457 4071 492 4134 ia
522 4093 570 4136 σοι
601 4093 698 4137 omnes
726 4071 841 4137 iudicer
871 4071 1070 4136 ιἰισσοτυάίίσο
1099 4079 1197 4136 alote.
1231 4073 1331 4138 etsie

142 4181 213 4263 pest
242 4195 345 4262 pauca
373 4175 516 4243 addidit:
546 4176 595 4243 δεῖ
616 4178 679 4258 γάρ
700 4179 731 4244 ἐν
753 4179 811 4258 μὲν
834 4186 897 4250 τοῖς
921 4174 1025 4249 ὅπλοις
1049 4176 1220 4259 φοβερούς,
1245 4180 1275 4244 ἐν
1299 4178 1332 4244 δὲ

142 4289 203 4354 τοῖς
228 4281 410 4361 δικαστηρίοις
435 4283 664 4364 Φιλανίράπους
689 4280 776 4350 είναι.
823 4285 947 4371 Nempe
971 4305 1050 4348 αυιισ
1073 4288 1182 4350 eontra
1205 4289 1262 4350 eat.

189 4497 270 4584 Pag.
304 4495 379 4562 171.
412 4495 463 4562 10.
496 4499 521 4562 εί
555 4497 585 4562 δέ
616 4523 657 4580 περ
690 4499 764 4566 δοκῶ
786 4497 906 4577 μείζους
932 4497 949 4574 si
973 4499 1044 4562 κατ’
1069 4497 1205 4575 ἐμαυτὸν
1229 4497 1333 4576 λέγειν
