3296 5104
897 323 941 405 60

364 521 533 612 Sequitur:
566 523 709 606 οὐδέτεροι
732 524 796 607 γὰρ
820 526 921 613 [πρὸς]
947 527 982 593 τί
1006 537 1044 608 τῇ
1070 525 1157 592 πίοιεν
1183 524 1338 608 συριφίρον
1363 525 1539 591 σκοποῦν-

316 763 358 820 ροι
388 739 499 820 χρείας
531 739 583 803 καί
618 739 790 819 περιουσίαις
822 736 953 820 ἔχουσιν.
1001 739 1113 804 Nonne
1135 742 1337 825 perspicuum
1362 744 1411 804 est
1440 739 1536 817 πρός

317 865 383 910 esse
417 841 643 910 resecandum?
673 843 830 910 Dicebant
863 845 1057 920 ἀποβλέπειν
1090 845 1134 916 είς
1169 844 1221 911 vel
1256 845 1328 925 πρίς
1364 869 1414 929 τι,
1461 843 1534 909 sed

317 957 441 1015 σκοπεῖν
470 975 511 1016 πι.
560 948 659 1036 Saepe
691 950 763 1032 πρός
787 952 886 1016 etiam
908 953 943 1015 in
968 949 991 1016 S
1014 956 1142 1036 propter
1164 949 1422 1036 compendiatum
1452 970 1536 1015 non

316 1055 519 1122 intellectum
542 1058 655 1140 periit,
679 1059 771 1121 euius
792 1059 839 1121 rei
862 1056 944 1122 infre
963 1056 1109 1143 exempla
1129 1075 1332 1142 expromam:
1353 1077 1534 1123 nonnum-

316 1183 412 1249 quam
436 1163 592 1228 contrario
616 1181 718 1227 errore
741 1163 856 1247 vitiose
879 1162 1029 1228 abundat.

359 1268 423 1335 Pro
446 1267 619 1347 περιουσίας
641 1266 874 1353 Harpocration
896 1270 931 1332 in
957 1271 1023 1333 suis
1046 1266 1138 1333 libris
1161 1267 1351 1342 ΠΛΡουσίας
1370 1273 1532 1356 repperit

315 1398 347 1443 v.
380 1375 605 1455 nervosis:
638 1376 706 1439 οίνπδ
737 1377 791 1439 ποῦ
823 1374 1053 1453 περιουσία.
1085 1373 1279 1453 Δημοσίίνης
1311 1376 1341 1440 ἐν
1372 1377 1415 1457 τῷ
1441 1377 1526 1458 περὶ

315 1479 496 1558 συνποίξεεος.
523 1519 566 1530 -
591 1479 643 1545 καί
669 1478 790 1562 Κροίπης
816 1481 952 1559 Θηρίοις·

680 1585 805 1668 ἔχοντες
829 1588 948 1663 εὖπαίιῑ
970 1587 1040 1666 βίον

679 1692 848 1774 παρουσίαν
870 1717 905 1757 σε
929 1691 1109 1774 χρημάτων.

361 1796 437 1866 Sine
459 1800 671 1866 controversia
693 1798 770 1864 libri
792 1801 843 1864 sui
865 1801 947 1864 vitio
965 1799 1115 1885 deeeptus
1134 1803 1198 1865 est:
1219 1803 1426 1884 nequeenim
1445 1826 1517 1868 πα-

315 1912 410 1985 ρεῖναι
430 1902 590 1992 signifieat
608 1911 753 1969 πλουτεῖν
771 1925 872 1990 neque
893 1905 1043 1979 παρουσία
1065 1905 1129 1970 dici
1148 1909 1252 1990 potest
1269 1925 1326 1990 pro
1336 1908 1512 1986 περιουσία.

315 2009 416 2096 Saepe
458 2008 742 2096 Harpoemtionem
775 2013 910 2078 vitiosae
944 2010 1095 2077 lectiones
1128 2013 1163 2077 in
1197 2011 1352 2079 iocniares
1386 2033 1512 2080 errores

316 2117 520 2184 induxerunt.
567 2115 671 2182 Nemo
693 2119 761 2182 sine
783 2119 851 2182 risu
873 2116 961 2205 leget
984 2137 1064 2202 qnae
1088 2119 1214 2203 scripsit
1236 2139 1268 2183 v.
1293 2117 1452 2197 Ἀπρίσυν
1474 2124 1512 2186 et

316 2246 349 2291 v.
374 2220 538 2306 Καιροίζη,
563 2223 620 2288 nbi
644 2225 779 2289 oonieoit
801 2229 899 2304 ληςῶν
922 2229 955 2289 et
976 2221 1140 2306 βλιμοίζη,
1165 2223 1219 2289 sed
1242 2243 1318 2291 vera
1340 2223 1436 2290 lectio
1458 2231 1510 2291 est

314 2330 482 2409 Παρνίπαν
513 2333 545 2394 et
569 2325 757 2410 Κλιμακίζη.
805 2327 897 2410 Παροί
921 2334 953 2395 et
976 2330 1046 2411 περί
1067 2331 1134 2395 iam
1157 2335 1229 2394 tum
1252 2331 1287 2394 in
1310 2326 1409 2396 Godd.
1435 2351 1508 2396 oon·

313 2435 535 2502 fundebantur.
568 2434 631 2501 vid.
663 2433 850 2521 Harpocrat.
875 2458 907 2502 v.
932 2437 1109 2517 Περίςασις.
1156 2433 1285 2501 Fefellit
1306 2435 1394 2500 idem
1417 2457 1507 2502 men-

312 2542 391 2607 dum
409 2539 540 2606 Aelium
559 2539 753 2629 Dionysium
773 2541 803 2605 ἐν
822 2549 886 2616 τοῖς
898 2545 1055 2614 Ἀττικοῖς
1067 2541 1237 2619 Ὀνίροοισιν
1249 2541 1500 2627 apndPhotium

312 2670 345 2715 v.
375 2647 598 2728 Παρουσίαῑ
622 2647 754 2725 λέγεται
776 2645 870 2720 οὕτως
894 2649 944 2714 ivri
969 2656 1025 2724 πῆς
1048 2654 1106 2715 τῶν
1131 2637 1286 2727 παρίντυν
1310 2647 1498 2727 δαψιλείας,

312 2757 351 2828 είς
374 2753 426 2820 καί
452 2752 482 2819 ἕν
502 2754 544 2836 τῷ
569 2751 734 2828 Πλοίτυνος
759 2753 877 2821 Φοίυνι·
1305 2749 1311 2766 ‘

628 2861 666 2933 ιδς
690 2859 742 2926 καί
767 2865 817 2926 νῦν
841 2857 954 2941 ἔχομεν
979 2862 1159 2942 παρουσίας.

312 2967 365 3035 καί
390 2966 469 3033 πολιί
493 2966 555 3036 ίςιν
579 2966 629 3032 eet
652 2967 760 3033 τούτου
785 2969 859 3048 παρ’
883 2969 989 3040 αὐτοῖς
1015 2968 1113 3056 (male
1136 2970 1300 3058 corrigunt
1316 2966 1496 3055 Ἀττικοῖς).

313 3074 417 3142 Nemo
446 3093 602 3158 nmquam
633 3093 670 3139 eo
697 3093 790 3140 sensu
814 3079 871 3139 ant
897 3074 980 3140 dixit
1003 3080 1060 3141 aut
1083 3075 1186 3140 disere
1208 3075 1315 3160 potuit
1336 3075 1498 3156 espessia.

312 3179 409 3247 Plato¹
426 3176 576 3247 Oomions
599 3179 738 3245 dixerat:

630 3286 669 3359 ὥς
691 3285 744 3350 καί
769 3291 820 3350 νῦν
844 3283 958 3369 ἔχομεν
981 3288 1164 3368 περιουσίας.

304 3416 365 3482 pro
391 3392 543 3478 ροοοεινοίί
574 3391 674 3476 eopia,
707 3398 745 3458 ut
773 3391 1134 3478 pseudoDemosthenes
1163 3396 1202 3466 οίς
1231 3391 1365 3471 ίκοίσεροι
1388 3391 1498 3474 χρείας

312 3500 364 3566 καί
397 3499 571 3580 περιουσίας
602 3495 728 3579 ἔχομεν.
777 3496 881 3584 Ipsius
910 3498 1059 3588 Dionysii
1081 3520 1220 3566 errorem
1245 3519 1311 3564 esse
1334 3501 1498 3583 sequentia

312 3608 539 3673 demonstrant.
587 3601 650 3670 Sed
673 3603 909 3672 adorationem
932 3610 1083 3674 revertor.

357 3709 516 3780 Continuo
546 3712 706 3796 sequitur:
737 3711 798 3790 eye
828 3710 860 3777 u
890 3715 980 3778 τοῦτο
1011 3711 1068 3790 μὲν
1101 3711 1165 3778 οὔτ’
1200 3711 1240 3778 δν
1271 3711 1499 3788 εἰσηγησαίμην

312 3819 377 3888 οὔτ’
401 3817 439 3885 ίον
463 3817 521 3906 (sio
544 3813 579 3902 S)
603 3815 779 3898 οίνπείποιριι
804 3819 856 3902 [νίς
880 3820 914 3885 οὐ
938 3819 987 3884 δεῖ
1007 3817 1216 3903 ῖιοοροβοίνειν]·
1239 3823 1375 3897 παραινῶ
1394 3815 1497 3894 μέντοι

312 3933 436 3993 σκοπεῖν
466 3924 519 3989 καί
550 3919 727 4002 λορίζεσίαι
758 3927 833 4004 πρὸς
865 3926 947 4002 ὑμᾶς
980 3925 1093 3998 αὐτοὺς
1117 3923 1163 3990 ίσι
1186 3925 1348 4005 σοίργιίριον
1372 3923 1429 4000 μέν
1452 3923 1498 3992 ter

311 4038 421 4104 τοῦτο,
453 4029 520 4111 περὶ
551 4031 627 4115 (non
658 4029 744 4118 ὑπὲρ)
774 4026 810 4097 οὗ
834 4030 1042 4110 βουλείεσίε,
1067 4033 1189 4112 μικρόν,
1215 4033 1251 4096 rb
1276 4029 1302 4095 δ’
1325 4029 1386 4104 rer
1410 4029 1499 4109 μέγα

311 4135 325 4207 ί
358 4138 505 4219 γίγνεται
536 4135 622 4215 μειοῖ
651 4135 771 4204 ποίεον.
820 4135 895 4204 Sine
927 4159 1018 4205 mora
1049 4136 1120 4204 dele
1142 4137 1316 4204 absurdum
1340 4134 1500 4202 emblema

311 4249 350 4318 οῖς
382 4247 414 4310 ου
442 4244 491 4310 δεῖ
518 4241 704 4322 λαμβάνειν.
751 4241 823 4310 Ηοο
853 4266 956 4310 unum
987 4245 1095 4311 deerat
1117 4249 1155 4310 nt
1176 4247 1248 4330 post
1270 4241 1498 4321 εἰσηγησαίμην

312 4370 436 4441 quoque
459 4349 606 4418 additum
628 4356 711 4418 esset
732 4353 772 4425 οίς
795 4350 844 4416 δεῖ
863 4349 1052 4431 λαμβοίνειν.
