3356 5086
861 345 927 416 288

299 543 410 609 sertim
440 548 542 626 q'uum
573 539 709 606 δύοΛντο
740 543 857 606 tostam
887 537 1014 604 nullum
1047 537 1162 604 habeat
1191 541 1376 624 antiquum,
1402 538 1490 627 logu-

299 654 415 734 turqua
444 637 528 734 apud
558 646 632 712 illos
662 645 762 722 solua,
795 648 850 730 qui
873 649 906 710 et
929 642 1047 720 ὶξοιοέε
1071 655 1104 709 et
1126 641 1241 719 ἄξοντο
1265 644 1419 711 dederunt
1443 645 1491 710 nil

300 754 379 819 mali
403 757 607 840 suspicantes.

345 859 493 926 Indicabo
524 881 608 924 nunc
638 878 766 924 versum
797 859 993 932 insiticium,
1024 877 1119 941 quam
1154 855 1232 921 olim
1267 857 1491 922 Aristarchum

306 967 495 1050 expunxisse
517 967 658 1050 suspicor
681 964 735 1029 scd
758 983 841 1028 nunc
864 965 982 1027 amissa
1000 961 1178 1026 Aristarchi
1198 965 1353 1028 sententia
1371 972 1492 1028 tamara

304 1074 337 1135 in
363 1080 547 1136 contextum
571 1090 638 1134 essa
661 1076 832 1152 receptum.
879 1067 918 1132 ln
942 1066 1054 1154 Odyss.
1078 1077 1116 1132 T.
1139 1065 1216 1132 364.
1237 1066 1492 1153 Theoclymauus

303 1177 342 1242 ad
365 1197 474 1261 procos
497 1179 544 1241 ita
567 1175 663 1240 dicit:

438 1278 621 1361 Εὐρύμαχ’,
646 1279 681 1345 οὔ
703 1280 736 1344 τί
758 1277 789 1342 τ’
816 1277 926 1355 ἄνωγον
948 1277 1015 1355 ἐμοὶ
1040 1286 1190 1352 τομτῆοος
1216 1279 1350 1360 ὀπάζειν.

440 1388 499 1452 rici
521 1410 572 1465 μον
597 1385 755 1466 ὀφθαλμοί
778 1385 890 1449 τεκαὶ
915 1384 1015 1450 οὕοτνο
1039 1385 1090 1450 καὶ
1115 1384 1205 1456 τόδες
1229 1385 1346 1468 ἄμφω,

440 1491 506 1576 [κυνὶ
531 1491 592 1562 νόος
617 1492 647 1556 ἐν
669 1492 791 1564 cairam
815 1491 1003 1567 τετυγμένος
1028 1490 1110 1556 οὐδὲν
1134 1491 1265 1580 siracusis]

439 1605 541 1662 Tolc
564 1595 661 1672 ἐξενμν
686 1596 803 1678 ἐύροιζ.

352 1704 421 1784 Quo
443 1704 578 1769 refertur
601 1711 663 1773 τοῖς
687 1705 721 1767 in
745 1710 807 1774 τοῖς
824 1698 943 1778 tiarati
966 1702 1016 1768 Ad
1035 1705 1182 1769 omniane
1202 1724 1282 1788 quaa
1301 1705 1494 1790 praecedunt

307 1830 345 1876 an
370 1811 409 1875 ad
432 1810 523 1880 πόδες
548 1804 669 1888 iupa?
689 1808 761 1874 Non
781 1814 847 1885 cat,
867 1808 971 1875 creda.
997 1808 1095 1872 dubia
1113 1813 1145 1872 et
1163 1829 1276 1894 anceps
1295 1813 1392 1894 optio.
1430 1810 1493 1877 sed

307 1919 335 1981 si
366 1915 406 1981 ad
437 1916 526 1986 πόδες
558 1914 657 1992 ἄμφω
689 1915 840 1990 refertur,
871 1913 962 1978 nullo
989 1915 1084 1980 modo
1107 1917 1226 1981 servari
1247 1920 1364 2001 poterit
1385 1920 1493 2004 inepto

306 2023 510 2106 interpositus
532 2020 725 2087 versiculus:

488 2127 540 2191 κονδ
565 2127 626 2198 νόος
651 2127 680 2191 ἐν
703 2126 826 2201 citam
850 2124 1038 2203 τετυγμένος
1065 2126 1145 2192 οὐδὲν
1169 2128 1297 2202 nictantia.

857 2436 945 2504 XIII.

713 2664 906 2714 muranum
935 2663 1086 2713 mouns.

351 2855 553 2922 Aristarchus
564 2902 572 2933 ,
605 2857 696 2921 cuius
718 2879 894 2943 numquam
919 2877 959 2923 na
982 2858 1121 2922 minima
1142 2856 1271 2942 quidem
1294 2857 1432 2940 suspicio
1455 2856 1494 2921 ‹la

306 2962 425 3027 amissa
447 2963 577 3046 antiqua
600 2965 783 3028 consonanti
805 2963 899 3030 litera
923 2987 936 3026 r
957 2964 992 3026 in
1016 2962 1211 3026 carminibus
1228 2959 1409 3026 Homericis
1429 2962 1495 3026 ani·

305 3086 400 3129 mum
431 3067 543 3142 subiit,
573 3067 735 3132 interdum
767 3088 807 3132 cx
837 3069 934 3132 huius
959 3069 1006 3132 rei
1029 3071 1226 3154 ignoratione
1248 3074 1305 3132 aut
1326 3068 1361 3130 in
1381 3068 1494 3132 consti-

306 3171 424 3236 tuanda
452 3169 587 3237 lectione
615 3175 726 3237 autin
749 3172 929 3261 indaganda
951 3175 1107 3238 sententia
1130 3178 1239 3257 potitae
1263 3174 1405 3260 graviter
1427 3171 1494 3257 lap-

306 3298 360 3344 sus
391 3283 438 3342 cst
467 3283 500 3342 et
528 3279 563 3341 in
592 3278 776 3345 manifestos
805 3299 924 3346 amores
955 3299 989 3344 sa
1010 3279 1126 3344 induit.
1174 3277 1212 3344 In
1234 3279 1325 3344 Iliad.
1350 3287 1388 3342 Θ.
1414 3277 1491 3343 526.

307 3404 407 3468 quum
430 3387 512 3448 asset
535 3381 683 3449 inlibris
706 3385 869 3451 omnibus:

488 3485 624 3564 ἐλτομοιν
649 3488 814 3570 εὐχόμενος
840 3491 892 3555 Ati
915 3491 946 3554 τ’
969 3489 1110 3555 ἄλλοισίν
1131 3515 1165 3554 τε
1190 3491 1295 3555 θεοῖσιν

488 3591 621 3668 ἐξελάαν
645 3594 757 3660 ἐνθένδε
780 3596 872 3668 κύνας
895 3596 1175 3675 κηρεσσιφορήτους.

352 3699 537 3766 Aristarcho
556 3700 677 3784 placuit
696 3702 734 3766 da
754 3721 811 3767 suo
830 3722 979 3788 reponare
998 3710 1153 3778 ΕΎΧομον
1165 3700 1381 3777 'Granianon
1407 3701 1494 3767 Audi

306 3808 539 3874 Aristonicum:
564 3806 580 3879 >i
604 3806 697 3882 διπλῆ
721 3806 963 3892 (τεννεςνγμένη)
989 3802 1034 3872 ὅτι
1059 3807 1217 3884 Ζηνόδοτος
1238 3809 1354 3887 γράφει
1379 3804 1492 3871 ἐντο-

306 3936 380 3991 μοιν
414 3908 652 3992 εὐχόμενος.
683 3914 715 3977 οὗ
744 3913 828 3978 κοντοὶ
851 3913 902 3978 τδν
924 3915 1059 3993 Ἕκτορος
1084 3914 1115 3978 δέ
1138 3911 1189 3976 τδν
1212 3910 1305 3984 οὕτως
1330 3910 1493 3990 ἐτηρμένον

307 4017 430 4096 λέγενν·
462 4015 611 4096 ἐλτέζω
642 4015 867 4096 εὐχόμενος
900 4026 963 4091 τοῖς
994 4020 1087 4092 θεοῖς·
1113 4019 1241 4088 ἐτνενκές
1264 4019 1344 4097 γάρ·
1369 4019 1493 4082 τοῦνον-
1589 4069 1592 4075 .

306 4125 368 4188 τίον
392 4125 455 4202 γὰρ
480 4124 584 4188 οἰκεῖον
612 4122 791 4203 εὔχομαι
820 4123 1063 4208 ἐλπόμενος,
1092 4131 1260 4204 artaxiam
1286 4123 1492 4189 ἐλτνδοπονού-

308 4253 398 4308 μενος
424 4229 480 4292 ὑπὸ
505 4233 558 4293 τοῦ
584 4231 655 4298 Aria
681 4229 733 4292 καὶ
758 4236 816 4292 τῶν
839 4230 944 4295 ἄλλων
969 4233 1048 4296 θεῶν.
1083 4229 1291 4316 Perspicuum
1312 4235 1359 4296 ast
1381 4231 1416 4294 iu
1436 4228 1495 4294 tali

308 4357 341 4402 ra
368 4335 529 4408 Ζηνόδοτος
554 4333 672 4414 γράφει
696 4334 873 4422 significare
896 4337 976 4403 hanc
995 4357 1061 4403 assa
1083 4335 1249 4424 vulgatam
1268 4337 1421 4402 librorum
1443 4355 1494 4402 re·

307 4445 412 4506 tarum
443 4443 650 4526 scripturam,
681 4461 778 4525 quam
809 4443 1011 4508 Aristarchus
1045 4445 1101 4507 aut
1134 4461 1173 4506 ax
1208 4441 1281 4508 aliis
1314 4442 1406 4512 libris
1439 4445 1495 4508 aut
