<?xml version="1.0" encoding="UTF-8"?>
<!DOCTYPE html PUBLIC "-//W3C//DTD XHTML 1.0 Transitional//EN"
    "http://www.w3.org/TR/xhtml1/DTD/xhtml1-transitional.dtd">
<html xmlns="http://www.w3.org/1999/xhtml" xml:lang="en" lang="en">
 <head>
  <title>
</title>
<meta http-equiv="Content-Type" content="text/html;charset=utf-8" />
  <meta name='ocr-system' content='tesseract 3.04.00' />
  <meta name='ocr-capabilities' content='ocr_page ocr_carea ocr_par ocr_line ocrx_word'/>
</head>
<body>
  <div class='ocr_page' id='page_1' title='image "./miscellaneacrit00cobegoog/miscellaneacrit00cobegoog_0118.png"; bbox 0 0 3308 5090; ppageno 0'>
   <div class='ocr_carea' id='block_1_1' title="bbox 718 369 761 442">
    <p class='ocr_par' dir='ltr' id='par_1_1' title="bbox 718 369 761 442">
     <span class='ocr_line' id='line_1_1' title="bbox 718 369 761 442; baseline 0.047 -2"><span class='ocrx_word' id='word_1_1' title='bbox 718 369 761 442; x_wconf 80' lang='lat'><strong>95</strong></span> 
     </span>
    </p>
   </div>
   <div class='ocr_carea' id='block_1_2' title="bbox 330 557 1129 753">
    <p class='ocr_par' dir='ltr' id='par_1_2' title="bbox 330 557 1129 753">
     <span class='ocr_line' id='line_1_2' title="bbox 330 557 1129 650; baseline 0.004 -23"><span class='ocrx_word' id='word_1_2' title='bbox 330 561 409 638; x_wconf 77' lang='grc' dir='ltr'><strong><em>μέν’,</em></strong></span> <span class='ocrx_word' id='word_1_3' title='bbox 434 557 456 625; x_wconf 79' lang='lat' dir='ltr'><strong>d</strong></span> <span class='ocrx_word' id='word_1_4' title='bbox 477 561 664 643; x_wconf 79' lang='grc' dir='ltr'><strong><em>ταλαίπωρ’,</em></strong></span> <span class='ocrx_word' id='word_1_5' title='bbox 690 563 814 644; x_wconf 77' lang='grc' dir='ltr'><strong><em>οὶτρέμα</em></strong></span> <span class='ocrx_word' id='word_1_6' title='bbox 837 571 902 637; x_wconf 70' lang='grc' dir='ltr'><strong><em>σοῖς</em></strong></span> <span class='ocrx_word' id='word_1_7' title='bbox 924 565 956 630; x_wconf 70' lang='grc' dir='ltr'><strong>ἐν</strong></span> <span class='ocrx_word' id='word_1_8' title='bbox 980 563 1129 650; x_wconf 66' lang='lat' dir='ltr'><strong>deuolute,</strong></span> 
     </span>
     <span class='ocr_line' id='line_1_3' title="bbox 331 666 1030 753; baseline 0.006 -23"><span class='ocrx_word' id='word_1_9' title='bbox 331 667 401 750; x_wconf 77' lang='grc' dir='ltr'><strong>δρᾷς</strong></span> <span class='ocrx_word' id='word_1_10' title='bbox 426 667 489 748; x_wconf 71' lang='grc' dir='ltr'><strong>γὰρ</strong></span> <span class='ocrx_word' id='word_1_11' title='bbox 514 667 596 734; x_wconf 77' lang='grc' dir='ltr'><strong><em>οὐδὲν</em></strong></span> <span class='ocrx_word' id='word_1_12' title='bbox 621 666 659 734; x_wconf 82' lang='grc' dir='ltr'><strong>ὦν</strong></span> <span class='ocrx_word' id='word_1_13' title='bbox 683 667 778 742; x_wconf 81' lang='grc' dir='ltr'><strong><em>δοκεῖς</em></strong></span> <span class='ocrx_word' id='word_1_14' title='bbox 804 669 885 753; x_wconf 75' lang='lat' dir='ltr'><strong>ceto·</strong></span> <span class='ocrx_word' id='word_1_15' title='bbox 910 670 1030 735; x_wconf 73' lang='grc' dir='ltr'><strong><em>εἰδέναι.</em></strong></span> 
     </span>
    </p>
   </div>
   <div class='ocr_carea' id='block_1_3' title="bbox 139 879 1412 4576">
    <p class='ocr_par' dir='ltr' id='par_1_3' title="bbox 139 879 1412 2236">
     <span class='ocr_line' id='line_1_4' title="bbox 191 879 1343 972; baseline 0.005 -27"><span class='ocrx_word' id='word_1_16' title='bbox 191 879 309 946; x_wconf 78' lang='lat' dir='ltr'><strong>Restat</strong></span> <span class='ocrx_word' id='word_1_17' title='bbox 332 887 370 946; x_wconf 90' lang='lat' dir='ltr'><strong>ut</strong></span> <span class='ocrx_word' id='word_1_18' title='bbox 392 901 494 946; x_wconf 90' lang='lat' dir='ltr'><strong>unum</strong></span> <span class='ocrx_word' id='word_1_19' title='bbox 519 880 659 948; x_wconf 77' lang='lat' dir='ltr'><strong>Editoris</strong></span> <span class='ocrx_word' id='word_1_20' title='bbox 678 901 815 948; x_wconf 89' lang='lat' dir='ltr'><strong>errorem</strong></span> <span class='ocrx_word' id='word_1_21' title='bbox 839 881 1023 948; x_wconf 77' lang='lat' dir='ltr'><strong>refellamus</strong></span> <span class='ocrx_word' id='word_1_22' title='bbox 1042 889 1074 948; x_wconf 89' lang='lat' dir='ltr'><strong>et</strong></span> <span class='ocrx_word' id='word_1_23' title='bbox 1092 883 1191 948; x_wconf 87' lang='lat' dir='ltr'><strong>simul</strong></span> <span class='ocrx_word' id='word_1_24' title='bbox 1209 903 1343 972; x_wconf 81' lang='lat' dir='ltr'><strong>gravam</strong></span> 
     </span>
     <span class='ocr_line' id='line_1_5' title="bbox 140 985 1344 1076; baseline 0.002 -22"><span class='ocrx_word' id='word_1_25' title='bbox 140 985 305 1054; x_wconf 80' lang='lat' dir='ltr'>Codicum</span> <span class='ocrx_word' id='word_1_26' title='bbox 337 985 500 1053; x_wconf 73' lang='lat' dir='ltr'><strong>Strabonis</strong></span> <span class='ocrx_word' id='word_1_27' title='bbox 527 989 673 1053; x_wconf 89' lang='lat' dir='ltr'><strong>omnium</strong></span> <span class='ocrx_word' id='word_1_28' title='bbox 697 991 795 1054; x_wconf 88' lang='lat' dir='ltr'><strong>etiam</strong></span> <span class='ocrx_word' id='word_1_29' title='bbox 819 987 1024 1075; x_wconf 68' lang='lat' dir='ltr'><strong>Palimpsesti</strong></span> <span class='ocrx_word' id='word_1_30' title='bbox 1046 989 1152 1055; x_wconf 89' lang='lat' dir='ltr'><strong>labem</strong></span> <span class='ocrx_word' id='word_1_31' title='bbox 1176 991 1344 1076; x_wconf 80' lang='lat' dir='ltr'><strong>patefacia-</strong></span> 
     </span>
     <span class='ocr_line' id='line_1_6' title="bbox 139 1091 1342 1181; baseline 0.003 -23"><span class='ocrx_word' id='word_1_32' title='bbox 139 1113 236 1158; x_wconf 84' lang='lat' dir='ltr'><strong>mus.</strong></span> <span class='ocrx_word' id='word_1_33' title='bbox 282 1091 379 1159; x_wconf 89' lang='lat' dir='ltr'><strong>Initio</strong></span> <span class='ocrx_word' id='word_1_34' title='bbox 405 1093 481 1158; x_wconf 83' lang='lat' dir='ltr'>libri</span> <span class='ocrx_word' id='word_1_35' title='bbox 502 1092 550 1158; x_wconf 88' lang='lat' dir='ltr'><strong>IX</strong></span> <span class='ocrx_word' id='word_1_36' title='bbox 573 1092 708 1181; x_wconf 86' lang='lat' dir='ltr'><strong>legitur:</strong></span> <span class='ocrx_word' id='word_1_37' title='bbox 733 1093 944 1174; x_wconf 76' lang='grc' dir='ltr'><strong><em>περιωδευκδσι</em></strong></span> <span class='ocrx_word' id='word_1_38' title='bbox 969 1095 999 1159; x_wconf 81' lang='grc' dir='ltr'><strong>δὲ</strong></span> <span class='ocrx_word' id='word_1_39' title='bbox 1021 1097 1076 1170; x_wconf 68' lang='grc' dir='ltr'><strong>τὴν</strong></span> <span class='ocrx_word' id='word_1_40' title='bbox 1099 1096 1342 1174; x_wconf 76' lang='grc' dir='ltr'><strong><em>Πελοπόννησον,</em></strong></span> 
     </span>
     <span class='ocr_line' id='line_1_7' title="bbox 142 1197 1412 1282; baseline 0.003 -18"><span class='ocrx_word' id='word_1_41' title='bbox 142 1197 182 1272; x_wconf 70' lang='grc' dir='ltr'><strong>ἣν</strong></span> <span class='ocrx_word' id='word_1_42' title='bbox 219 1199 339 1280; x_wconf 69' lang='grc' dir='ltr'><strong><em>πρώτην</em></strong></span> <span class='ocrx_word' id='word_1_43' title='bbox 375 1197 499 1281; x_wconf 70' lang='grc' dir='ltr'><strong><em>ἔφαμεν</em></strong></span> <span class='ocrx_word' id='word_1_44' title='bbox 533 1199 586 1264; x_wconf 83' lang='grc' dir='ltr'><strong><em>ιιαὶ</em></strong></span> <span class='ocrx_word' id='word_1_45' title='bbox 622 1201 777 1282; x_wconf 75' lang='grc' dir='ltr'><strong><em>ἐλαχίςην</em></strong></span> <span class='ocrx_word' id='word_1_46' title='bbox 808 1207 867 1266; x_wconf 82' lang='grc' dir='ltr'><strong>τῶν</strong></span> <span class='ocrx_word' id='word_1_47' title='bbox 897 1201 1085 1266; x_wconf 70' lang='lat' dir='ltr'><strong>concederetis</strong></span> <span class='ocrx_word' id='word_1_48' title='bbox 1115 1203 1169 1278; x_wconf 68' lang='grc' dir='ltr'><strong>σὺν</strong></span> <span class='ocrx_word' id='word_1_49' title='bbox 1199 1201 1344 1268; x_wconf 78' lang='grc' dir='ltr'><strong><em>Ἑλλιίδα</em></strong></span> <span class='ocrx_word' id='word_1_50' title='bbox 1409 1239 1412 1246; x_wconf 63' lang='grc'><strong><em>»</em></strong></span> 
     </span>
     <span class='ocr_line' id='line_1_8' title="bbox 143 1304 1345 1392; baseline 0.003 -21"><span class='ocrx_word' id='word_1_51' title='bbox 143 1308 348 1389; x_wconf 70' lang='grc' dir='ltr'><strong><em>χερρονήσων.</em></strong></span> <span class='ocrx_word' id='word_1_52' title='bbox 398 1304 611 1392; x_wconf 85' lang='lat' dir='ltr'><strong>Reprehendit</strong></span> <span class='ocrx_word' id='word_1_53' title='bbox 639 1305 751 1372; x_wconf 80' lang='lat' dir='ltr'><strong>Editor</strong></span> <span class='ocrx_word' id='word_1_54' title='bbox 781 1305 983 1392; x_wconf 66' lang='lat' dir='ltr'><strong>interpretes,</strong></span> <span class='ocrx_word' id='word_1_55' title='bbox 1016 1310 1071 1392; x_wconf 90' lang='lat' dir='ltr'><strong>qui</strong></span> <span class='ocrx_word' id='word_1_56' title='bbox 1102 1308 1255 1388; x_wconf 74' lang='grc' dir='ltr'><strong><em>ἕλαχίςην</em></strong></span> <span class='ocrx_word' id='word_1_57' title='bbox 1276 1329 1345 1375; x_wconf 85' lang='lat' dir='ltr'><strong>ver·</strong></span> 
     </span>
     <span class='ocr_line' id='line_1_9' title="bbox 144 1412 1345 1500; baseline 0.002 -21"><span class='ocrx_word' id='word_1_58' title='bbox 144 1419 225 1479; x_wconf 87' lang='lat' dir='ltr'><strong>tunt</strong></span> <span class='ocrx_word' id='word_1_59' title='bbox 262 1413 422 1477; x_wconf 69' lang='lat' dir='ltr'><strong>minimam.</strong></span> <span class='ocrx_word' id='word_1_60' title='bbox 459 1412 544 1493; x_wconf 75' lang='lat' dir='ltr'><strong>„Qui</strong></span> <span class='ocrx_word' id='word_1_61' title='bbox 575 1413 704 1498; x_wconf 81' lang='lat' dir='ltr'><strong>(inquit)</strong></span> <span class='ocrx_word' id='word_1_62' title='bbox 741 1415 770 1476; x_wconf 82' lang='lat' dir='ltr'><strong>le</strong></span> <span class='ocrx_word' id='word_1_63' title='bbox 799 1413 931 1477; x_wconf 65' lang='grc'>1111111</span> <span class='ocrx_word' id='word_1_64' title='bbox 959 1414 1064 1477; x_wconf 79' lang='lat' dir='ltr'><strong>dieono</strong></span> <span class='ocrx_word' id='word_1_65' title='bbox 1093 1413 1120 1476; x_wconf 77' lang='lat' dir='ltr'><strong>il</strong></span> <span class='ocrx_word' id='word_1_66' title='bbox 1146 1415 1345 1500; x_wconf 71' lang='lat' dir='ltr'><strong>Peloponneso</strong></span> 
     </span>
     <span class='ocr_line' id='line_1_10' title="bbox 144 1518 1341 1604; baseline 0.002 -19"><span class='ocrx_word' id='word_1_67' title='bbox 144 1522 322 1586; x_wconf 82' lang='lat' dir='ltr'><strong>minimam</strong></span> <span class='ocrx_word' id='word_1_68' title='bbox 353 1519 432 1583; x_wconf 66' lang='lat' dir='ltr'><strong>delle</strong></span> <span class='ocrx_word' id='word_1_69' title='bbox 445 1519 583 1602; x_wconf 78' lang='lat' dir='ltr'><strong>peciaole</strong></span> <span class='ocrx_word' id='word_1_70' title='bbox 605 1519 678 1582; x_wconf 82' lang='lat' dir='ltr'><strong>dell’</strong></span> <span class='ocrx_word' id='word_1_71' title='bbox 714 1520 833 1584; x_wconf 71' lang='lat' dir='ltr'><strong>Pliade.</strong></span> <span class='ocrx_word' id='word_1_72' title='bbox 882 1521 939 1584; x_wconf 84' lang='lat' dir='ltr'><strong>Mo</strong></span> <span class='ocrx_word' id='word_1_73' title='bbox 969 1541 1046 1583; x_wconf 81' lang='lat' dir='ltr'><strong>come</strong></span> <span class='ocrx_word' id='word_1_74' title='bbox 1068 1518 1132 1604; x_wconf 82' lang='grc' dir='ltr'><strong><em>ρινὸ</em></strong></span> <span class='ocrx_word' id='word_1_75' title='bbox 1162 1521 1240 1586; x_wconf 73' lang='lat' dir='ltr'><strong>dicei</strong></span> <span class='ocrx_word' id='word_1_76' title='bbox 1262 1524 1341 1597; x_wconf 79' lang='lat' dir='ltr'><strong>tole,</strong></span> 
     </span>
     <span class='ocr_line' id='line_1_11' title="bbox 145 1623 1344 1722; baseline 0.003 -30"><span class='ocrx_word' id='word_1_77' title='bbox 145 1634 321 1692; x_wconf 71' lang='grc'>1111111111</span> <span class='ocrx_word' id='word_1_78' title='bbox 344 1623 361 1689; x_wconf 76' lang='grc' dir='ltr'><em>ὲ</em></span> <span class='ocrx_word' id='word_1_79' title='bbox 384 1625 414 1688; x_wconf 84' lang='lat' dir='ltr'><strong>la</strong></span> <span class='ocrx_word' id='word_1_80' title='bbox 435 1625 628 1707; x_wconf 72' lang='lat' dir='ltr'><strong>mappiore?”</strong></span> <span class='ocrx_word' id='word_1_81' title='bbox 674 1624 831 1722; x_wconf 85' lang='lat' dir='ltr'><strong>Magnam</strong></span> <span class='ocrx_word' id='word_1_82' title='bbox 854 1625 936 1692; x_wconf 85' lang='lat' dir='ltr'><strong>hane</strong></span> <span class='ocrx_word' id='word_1_83' title='bbox 960 1625 1181 1692; x_wconf 85' lang='lat' dir='ltr'><strong>difficultatem</strong></span> <span class='ocrx_word' id='word_1_84' title='bbox 1205 1647 1261 1712; x_wconf 89' lang='lat' dir='ltr'><strong>pro</strong></span> <span class='ocrx_word' id='word_1_85' title='bbox 1286 1647 1344 1694; x_wconf 86' lang='lat' dir='ltr'><strong>sua</strong></span> 
     </span>
     <span class='ocr_line' id='line_1_12' title="bbox 143 1728 1345 1820; baseline 0.002 -22"><span class='ocrx_word' id='word_1_86' title='bbox 143 1733 281 1820; x_wconf 78' lang='lat' dir='ltr'><strong>linguae</strong></span> <span class='ocrx_word' id='word_1_87' title='bbox 311 1728 450 1798; x_wconf 82' lang='lat' dir='ltr'><strong>Graecae</strong></span> <span class='ocrx_word' id='word_1_88' title='bbox 480 1734 596 1818; x_wconf 85' lang='lat' dir='ltr'><strong>peritia</strong></span> <span class='ocrx_word' id='word_1_89' title='bbox 625 1735 670 1798; x_wconf 90' lang='lat' dir='ltr'><strong>sie</strong></span> <span class='ocrx_word' id='word_1_90' title='bbox 700 1737 862 1798; x_wconf 83' lang='lat' dir='ltr'><strong>removet:</strong></span> <span class='ocrx_word' id='word_1_91' title='bbox 895 1731 952 1810; x_wconf 79' lang='lat' dir='ltr'><strong>„L’</strong></span> <span class='ocrx_word' id='word_1_92' title='bbox 983 1753 1082 1797; x_wconf 84' lang='lat' dir='ltr'><strong>errore</strong></span> <span class='ocrx_word' id='word_1_93' title='bbox 1109 1733 1158 1796; x_wconf 84' lang='lat' dir='ltr'><strong>dei</strong></span> <span class='ocrx_word' id='word_1_94' title='bbox 1180 1731 1345 1800; x_wconf 70' lang='grc' dir='ltr'>11111111τί</span> 
     </span>
     <span class='ocr_line' id='line_1_13' title="bbox 146 1837 1344 1924; baseline 0.005 -24"><span class='ocrx_word' id='word_1_95' title='bbox 146 1860 261 1924; x_wconf 73' lang='lat' dir='ltr'><strong>uaeque</strong></span> <span class='ocrx_word' id='word_1_96' title='bbox 283 1838 338 1900; x_wconf 77' lang='lat' dir='ltr'><strong>dal</strong></span> <span class='ocrx_word' id='word_1_97' title='bbox 353 1838 486 1922; x_wconf 68' lang='grc' dir='ltr'><strong><em>ρτοιιιίετ</em></strong></span> <span class='ocrx_word' id='word_1_98' title='bbox 510 1839 658 1918; x_wconf 68' lang='lat' dir='ltr'><strong>lanigeros</strong></span> <span class='ocrx_word' id='word_1_99' title='bbox 682 1839 816 1902; x_wconf 77' lang='lat' dir='ltr'><strong>selecto</strong></span> <span class='ocrx_word' id='word_1_100' title='bbox 838 1837 1005 1924; x_wconf 65' lang='lat' dir='ltr'><strong>significato</strong></span> <span class='ocrx_word' id='word_1_101' title='bbox 1025 1840 1058 1902; x_wconf 61' lang='lat' dir='ltr'><strong>ds·</strong></span> <span class='ocrx_word' id='word_1_102' title='bbox 1076 1841 1228 1917; x_wconf 92' lang='lat' dir='ltr'><strong>minim0;</strong></span> <span class='ocrx_word' id='word_1_103' title='bbox 1251 1861 1344 1906; x_wconf 76' lang='lat' dir='ltr'><strong>enoc</strong></span> 
     </span>
     <span class='ocr_line' id='line_1_14' title="bbox 147 1941 1345 2028; baseline 0.003 -20"><span class='ocrx_word' id='word_1_104' title='bbox 147 1941 256 2008; x_wconf 78' lang='lat' dir='ltr'><strong>altresi</strong></span> <span class='ocrx_word' id='word_1_105' title='bbox 286 1942 317 2006; x_wconf 79' lang='lat' dir='ltr'><strong>d&#39;</strong></span> <span class='ocrx_word' id='word_1_106' title='bbox 347 1941 459 2008; x_wconf 84' lang='lat' dir='ltr'><strong>infimo</strong></span> <span class='ocrx_word' id='word_1_107' title='bbox 491 1967 507 2008; x_wconf 83' lang='lat' dir='ltr'><strong>e</strong></span> <span class='ocrx_word' id='word_1_108' title='bbox 537 1946 570 2008; x_wconf 75' lang='lat' dir='ltr'><strong>de·</strong></span> <span class='ocrx_word' id='word_1_109' title='bbox 600 1947 752 2021; x_wconf 79' lang='lat' dir='ltr'><strong>estrem03</strong></span> <span class='ocrx_word' id='word_1_110' title='bbox 779 1965 887 2028; x_wconf 75' lang='lat' dir='ltr'><strong>appare</strong></span> <span class='ocrx_word' id='word_1_111' title='bbox 909 1944 962 2007; x_wconf 79' lang='lat' dir='ltr'><strong>tal&#39;</strong></span> <span class='ocrx_word' id='word_1_112' title='bbox 984 1942 1000 2007; x_wconf 76' lang='grc' dir='ltr'><em>ἒ</em></span> <span class='ocrx_word' id='word_1_113' title='bbox 1023 1945 1049 2006; x_wconf 76' lang='lat' dir='ltr'><strong>il</strong></span> <span class='ocrx_word' id='word_1_114' title='bbox 1069 1947 1233 2027; x_wconf 59' lang='grc'>1191111111</span> <span class='ocrx_word' id='word_1_115' title='bbox 1254 1947 1345 2011; x_wconf 76' lang='lat' dir='ltr'><strong>caete</strong></span> 
     </span>
     <span class='ocr_line' id='line_1_15' title="bbox 150 2046 1346 2134; baseline -0.001 -19"><span class='ocrx_word' id='word_1_116' title='bbox 150 2051 203 2115; x_wconf 77' lang='lat' dir='ltr'><strong>ael</strong></span> <span class='ocrx_word' id='word_1_117' title='bbox 225 2054 419 2133; x_wconf 78' lang='lat' dir='ltr'><strong>comparativo</strong></span> <span class='ocrx_word' id='word_1_118' title='bbox 442 2071 458 2112; x_wconf 89' lang='lat' dir='ltr'><strong>e</strong></span> <span class='ocrx_word' id='word_1_119' title='bbox 480 2050 532 2114; x_wconf 75' lang='lat' dir='ltr'><strong>ael</strong></span> <span class='ocrx_word' id='word_1_120' title='bbox 545 2055 692 2133; x_wconf 78' lang='lat' dir='ltr'><strong>positivo,</strong></span> <span class='ocrx_word' id='word_1_121' title='bbox 717 2071 793 2112; x_wconf 82' lang='lat' dir='ltr'><strong>come</strong></span> <span class='ocrx_word' id='word_1_122' title='bbox 816 2046 831 2111; x_wconf 82' lang='grc' dir='ltr'><strong><em>δ</em></strong></span> <span class='ocrx_word' id='word_1_123' title='bbox 852 2074 870 2112; x_wconf 88' lang='grc' dir='ltr'><strong>ιι</strong></span> <span class='ocrx_word' id='word_1_124' title='bbox 892 2051 996 2114; x_wconf 80' lang='lat' dir='ltr'><strong>vedere</strong></span> <span class='ocrx_word' id='word_1_125' title='bbox 1014 2054 1047 2112; x_wconf 84' lang='grc' dir='ltr'><strong><em>ιά</em></strong></span> <span class='ocrx_word' id='word_1_126' title='bbox 1066 2049 1193 2112; x_wconf 78' lang='lat' dir='ltr'><strong>Heariea‘</strong></span> <span class='ocrx_word' id='word_1_127' title='bbox 1208 2051 1346 2134; x_wconf 76' lang='lat' dir='ltr'><strong>dteptcas&#39;</strong></span> 
     </span>
     <span class='ocr_line' id='line_1_16' title="bbox 153 2155 662 2236; baseline 0 -16"><span class='ocrx_word' id='word_1_128' title='bbox 153 2157 324 2220; x_wconf 68' lang='lat' dir='ltr'><strong>Thesaurus</strong></span> <span class='ocrx_word' id='word_1_129' title='bbox 346 2155 480 2236; x_wconf 69' lang='grc' dir='ltr'><strong><em>Ιάιιρνοε</em></strong></span> <span class='ocrx_word' id='word_1_130' title='bbox 506 2155 662 2220; x_wconf 67' lang='lat' dir='ltr'><strong>Graecae&#39;·</strong></span> 
     </span>
    </p>

    <p class='ocr_par' dir='ltr' id='par_1_4' title="bbox 148 2258 1349 4576">
     <span class='ocr_line' id='line_1_17' title="bbox 195 2258 1345 2347; baseline -0.002 -19"><span class='ocrx_word' id='word_1_131' title='bbox 195 2261 259 2328; x_wconf 82' lang='lat' dir='ltr'><strong>Sed</strong></span> <span class='ocrx_word' id='word_1_132' title='bbox 282 2263 329 2327; x_wconf 85' lang='lat' dir='ltr'><strong>sic</strong></span> <span class='ocrx_word' id='word_1_133' title='bbox 352 2281 416 2327; x_wconf 89' lang='lat' dir='ltr'><strong>uno</strong></span> <span class='ocrx_word' id='word_1_134' title='bbox 439 2260 550 2328; x_wconf 86' lang='lat' dir='ltr'><strong>avulso</strong></span> <span class='ocrx_word' id='word_1_135' title='bbox 573 2281 676 2328; x_wconf 87' lang='lat' dir='ltr'><strong>errore</strong></span> <span class='ocrx_word' id='word_1_136' title='bbox 699 2282 762 2326; x_wconf 91' lang='lat' dir='ltr'><strong>non</strong></span> <span class='ocrx_word' id='word_1_137' title='bbox 786 2258 892 2327; x_wconf 84' lang='lat' dir='ltr'><strong>deficit</strong></span> <span class='ocrx_word' id='word_1_138' title='bbox 915 2260 1005 2326; x_wconf 88' lang='lat' dir='ltr'><strong>alter.</strong></span> <span class='ocrx_word' id='word_1_139' title='bbox 1044 2261 1168 2346; x_wconf 86' lang='lat' dir='ltr'><strong>Nempe</strong></span> <span class='ocrx_word' id='word_1_140' title='bbox 1190 2259 1345 2347; x_wconf 90' lang='lat' dir='ltr'><strong>Pelopon-</strong></span> 
     </span>
     <span class='ocr_line' id='line_1_18' title="bbox 148 2365 1345 2452; baseline -0.001 -18"><span class='ocrx_word' id='word_1_141' title='bbox 148 2389 244 2434; x_wconf 80' lang='lat' dir='ltr'><strong>nesus</strong></span> <span class='ocrx_word' id='word_1_142' title='bbox 274 2370 321 2433; x_wconf 90' lang='lat' dir='ltr'><strong>sic</strong></span> <span class='ocrx_word' id='word_1_143' title='bbox 347 2368 431 2433; x_wconf 81' lang='lat' dir='ltr'><strong>facta</strong></span> <span class='ocrx_word' id='word_1_144' title='bbox 453 2373 502 2433; x_wconf 89' lang='lat' dir='ltr'><strong>est</strong></span> <span class='ocrx_word' id='word_1_145' title='bbox 523 2366 782 2452; x_wconf 85' lang='lat' dir='ltr'><strong>paeninsulamm</strong></span> <span class='ocrx_word' id='word_1_146' title='bbox 805 2365 904 2431; x_wconf 88' lang='lat' dir='ltr'><strong>simul</strong></span> <span class='ocrx_word' id='word_1_147' title='bbox 921 2372 1023 2450; x_wconf 80' lang='lat' dir='ltr'><strong>prima</strong></span> <span class='ocrx_word' id='word_1_148' title='bbox 1046 2377 1078 2432; x_wconf 89' lang='grc'><strong>11</strong></span> <span class='ocrx_word' id='word_1_149' title='bbox 1101 2375 1243 2446; x_wconf 62' lang='lat' dir='ltr'><strong>cetram</strong></span> <span class='ocrx_word' id='word_1_150' title='bbox 1269 2367 1345 2452; x_wconf 92' lang='lat' dir='ltr'><strong>quid</strong></span> 
     </span>
     <span class='ocr_line' id='line_1_19' title="bbox 150 2469 1343 2564; baseline -0.003 -24"><span class='ocrx_word' id='word_1_151' title='bbox 150 2479 253 2564; x_wconf 81' lang='lat' dir='ltr'><strong>igitur</strong></span> <span class='ocrx_word' id='word_1_152' title='bbox 279 2474 344 2540; x_wconf 89' lang='lat' dir='ltr'><strong>loci</strong></span> <span class='ocrx_word' id='word_1_153' title='bbox 368 2472 498 2558; x_wconf 87' lang='lat' dir='ltr'><strong>reliquis</strong></span> <span class='ocrx_word' id='word_1_154' title='bbox 521 2469 698 2558; x_wconf 81' lang='lat' dir='ltr'><strong>supererit?</strong></span> <span class='ocrx_word' id='word_1_155' title='bbox 744 2471 834 2537; x_wconf 91' lang='lat' dir='ltr'><strong>Nihil</strong></span> <span class='ocrx_word' id='word_1_156' title='bbox 858 2474 973 2538; x_wconf 77' lang='lat' dir='ltr'><strong>attinet</strong></span> <span class='ocrx_word' id='word_1_157' title='bbox 995 2473 1072 2538; x_wconf 90' lang='lat' dir='ltr'><strong>haec</strong></span> <span class='ocrx_word' id='word_1_158' title='bbox 1094 2475 1174 2538; x_wconf 88' lang='lat' dir='ltr'><strong>serio</strong></span> <span class='ocrx_word' id='word_1_159' title='bbox 1196 2473 1343 2539; x_wconf 81' lang='lat' dir='ltr'><strong>refutare.</strong></span> 
     </span>
     <span class='ocr_line' id='line_1_20' title="bbox 152 2576 1345 2666; baseline -0.003 -20"><span class='ocrx_word' id='word_1_160' title='bbox 152 2580 238 2648; x_wconf 79' lang='lat' dir='ltr'><strong>Satis</strong></span> <span class='ocrx_word' id='word_1_161' title='bbox 266 2581 431 2666; x_wconf 86' lang='lat' dir='ltr'><strong>perspicue</strong></span> <span class='ocrx_word' id='word_1_162' title='bbox 463 2576 578 2644; x_wconf 81' lang='lat' dir='ltr'><strong>Strabo</strong></span> <span class='ocrx_word' id='word_1_163' title='bbox 609 2578 733 2643; x_wconf 88' lang='lat' dir='ltr'><strong>duobus</strong></span> <span class='ocrx_word' id='word_1_164' title='bbox 764 2576 842 2644; x_wconf 90' lang='lat' dir='ltr'><strong>loeis</strong></span> <span class='ocrx_word' id='word_1_165' title='bbox 868 2577 992 2644; x_wconf 82' lang='lat' dir='ltr'><strong>dixerat</strong></span> <span class='ocrx_word' id='word_1_166' title='bbox 1013 2582 1048 2644; x_wconf 91' lang='lat' dir='ltr'><strong>in</strong></span> <span class='ocrx_word' id='word_1_167' title='bbox 1069 2581 1197 2643; x_wconf 72' lang='lat' dir='ltr'><strong>secunde</strong></span> <span class='ocrx_word' id='word_1_168' title='bbox 1218 2581 1345 2664; x_wconf 87' lang='lat' dir='ltr'><strong>paenin-</strong></span> 
     </span>
     <span class='ocr_line' id='line_1_21' title="bbox 151 2681 1346 2773; baseline -0.004 -19"><span class='ocrx_word' id='word_1_169' title='bbox 151 2687 223 2754; x_wconf 87' lang='lat' dir='ltr'><strong>sula</strong></span> <span class='ocrx_word' id='word_1_170' title='bbox 246 2692 279 2753; x_wconf 91' lang='lat' dir='ltr'><strong>et</strong></span> <span class='ocrx_word' id='word_1_171' title='bbox 294 2691 424 2771; x_wconf 75' lang='grc' dir='ltr'><strong><em>ρτίτιναν</em></strong></span> <span class='ocrx_word' id='word_1_172' title='bbox 444 2687 597 2750; x_wconf 79' lang='lat' dir='ltr'><strong>contineri</strong></span> <span class='ocrx_word' id='word_1_173' title='bbox 620 2690 653 2750; x_wconf 87' lang='lat' dir='ltr'><strong>et</strong></span> <span class='ocrx_word' id='word_1_174' title='bbox 675 2683 772 2749; x_wconf 91' lang='lat' dir='ltr'><strong>aliam</strong></span> <span class='ocrx_word' id='word_1_175' title='bbox 796 2681 949 2751; x_wconf 79' lang='lat' dir='ltr'><strong>Graeciae</strong></span> <span class='ocrx_word' id='word_1_176' title='bbox 971 2691 1113 2770; x_wconf 85' lang='lat' dir='ltr'><strong>partem,</strong></span> <span class='ocrx_word' id='word_1_177' title='bbox 1139 2705 1255 2773; x_wconf 90' lang='lat' dir='ltr'><strong>agrum</strong></span> <span class='ocrx_word' id='word_1_178' title='bbox 1276 2683 1346 2749; x_wconf 85' lang='lat' dir='ltr'><strong>Me·</strong></span> 
     </span>
     <span class='ocr_line' id='line_1_22' title="bbox 150 2789 1345 2888; baseline 0 -32"><span class='ocrx_word' id='word_1_179' title='bbox 150 2813 338 2888; x_wconf 83' lang='lat' dir='ltr'><strong>garensem;</strong></span> <span class='ocrx_word' id='word_1_180' title='bbox 370 2793 405 2856; x_wconf 94' lang='lat' dir='ltr'><strong>in</strong></span> <span class='ocrx_word' id='word_1_181' title='bbox 435 2796 523 2856; x_wconf 76' lang='lat' dir='ltr'><strong>tertio</strong></span> <span class='ocrx_word' id='word_1_182' title='bbox 546 2797 676 2875; x_wconf 79' lang='lat' dir='ltr'><strong>primam</strong></span> <span class='ocrx_word' id='word_1_183' title='bbox 707 2799 740 2855; x_wconf 87' lang='lat' dir='ltr'><strong>et</strong></span> <span class='ocrx_word' id='word_1_184' title='bbox 769 2792 925 2854; x_wconf 70' lang='lat' dir='ltr'><strong>secundam</strong></span> <span class='ocrx_word' id='word_1_185' title='bbox 955 2794 1056 2856; x_wconf 87' lang='lat' dir='ltr'><strong>inesse</strong></span> <span class='ocrx_word' id='word_1_186' title='bbox 1079 2797 1111 2856; x_wconf 90' lang='lat' dir='ltr'><strong>ct</strong></span> <span class='ocrx_word' id='word_1_187' title='bbox 1133 2812 1250 2858; x_wconf 82' lang='lat' dir='ltr'><strong>novam</strong></span> <span class='ocrx_word' id='word_1_188' title='bbox 1273 2789 1345 2856; x_wconf 89' lang='lat' dir='ltr'><strong>reli·</strong></span> 
     </span>
     <span class='ocr_line' id='line_1_23' title="bbox 151 2895 1347 2986; baseline -0.003 -19"><span class='ocrx_word' id='word_1_189' title='bbox 151 2921 233 2986; x_wconf 89' lang='lat' dir='ltr'><strong>quae</strong></span> <span class='ocrx_word' id='word_1_190' title='bbox 261 2897 414 2966; x_wconf 85' lang='lat' dir='ltr'><strong>Graeciae</strong></span> <span class='ocrx_word' id='word_1_191' title='bbox 437 2903 561 2983; x_wconf 87' lang='lat' dir='ltr'><strong>partem</strong></span> <span class='ocrx_word' id='word_1_192' title='bbox 584 2898 728 2962; x_wconf 87' lang='lat' dir='ltr'><strong>Atticam</strong></span> <span class='ocrx_word' id='word_1_193' title='bbox 752 2901 784 2961; x_wconf 88' lang='lat' dir='ltr'><strong>et</strong></span> <span class='ocrx_word' id='word_1_194' title='bbox 807 2895 972 2962; x_wconf 83' lang='lat' dir='ltr'><strong>Boeotiam</strong></span> <span class='ocrx_word' id='word_1_195' title='bbox 996 2905 1027 2963; x_wconf 96' lang='grc'><strong>11</strong></span> <span class='ocrx_word' id='word_1_196' title='bbox 1050 2902 1174 2983; x_wconf 88' lang='lat' dir='ltr'><strong>partem</strong></span> <span class='ocrx_word' id='word_1_197' title='bbox 1197 2896 1347 2962; x_wconf 83' lang='lat' dir='ltr'><strong>Phocidis</strong></span> 
     </span>
     <span class='ocr_line' id='line_1_24' title="bbox 153 3001 1346 3090; baseline -0.004 -17"><span class='ocrx_word' id='word_1_198' title='bbox 153 3013 186 3074; x_wconf 91' lang='grc'><strong>11</strong></span> <span class='ocrx_word' id='word_1_199' title='bbox 218 3006 413 3080; x_wconf 86' lang='lat' dir='ltr'><strong>Locrorum,</strong></span> <span class='ocrx_word' id='word_1_200' title='bbox 454 3006 508 3090; x_wconf 92' lang='lat' dir='ltr'><strong>qui</strong></span> <span class='ocrx_word' id='word_1_201' title='bbox 543 3002 756 3088; x_wconf 81' lang='lat' dir='ltr'><strong>Epicnemidii</strong></span> <span class='ocrx_word' id='word_1_202' title='bbox 789 3001 1006 3087; x_wconf 88' lang='lat' dir='ltr'><strong>appellantur;</strong></span> <span class='ocrx_word' id='word_1_203' title='bbox 1044 3009 1076 3069; x_wconf 85' lang='lat' dir='ltr'><strong>et</strong></span> <span class='ocrx_word' id='word_1_204' title='bbox 1110 3006 1156 3068; x_wconf 93' lang='lat' dir='ltr'><strong>ita</strong></span> <span class='ocrx_word' id='word_1_205' title='bbox 1190 3003 1346 3089; x_wconf 85' lang='lat' dir='ltr'><strong>deinceps.</strong></span> 
     </span>
     <span class='ocr_line' id='line_1_25' title="bbox 152 3107 1346 3198; baseline -0.004 -19"><span class='ocrx_word' id='word_1_206' title='bbox 152 3112 265 3198; x_wconf 84' lang='lat' dir='ltr'><strong>Itaque</strong></span> <span class='ocrx_word' id='word_1_207' title='bbox 296 3110 391 3195; x_wconf 90' lang='lat' dir='ltr'><strong>culpa</strong></span> <span class='ocrx_word' id='word_1_208' title='bbox 421 3114 537 3174; x_wconf 78' lang='lat' dir='ltr'><strong>vacant</strong></span> <span class='ocrx_word' id='word_1_209' title='bbox 570 3107 762 3194; x_wconf 87' lang='lat' dir='ltr'><strong>Interpretss</strong></span> <span class='ocrx_word' id='word_1_210' title='bbox 789 3113 939 3193; x_wconf 87' lang='lat' dir='ltr'><strong>putantes</strong></span> <span class='ocrx_word' id='word_1_211' title='bbox 968 3108 1222 3193; x_wconf 87' lang='lat' dir='ltr'><strong>Peloponnesum</strong></span> <span class='ocrx_word' id='word_1_212' title='bbox 1245 3108 1346 3175; x_wconf 82' lang='lat' dir='ltr'><strong>sclam</strong></span> 
     </span>
     <span class='ocr_line' id='line_1_26' title="bbox 153 3215 1347 3303; baseline -0.003 -18"><span class='ocrx_word' id='word_1_213' title='bbox 153 3239 220 3285; x_wconf 84' lang='lat' dir='ltr'><strong>esse</strong></span> <span class='ocrx_word' id='word_1_214' title='bbox 249 3223 390 3281; x_wconf 73' lang='lat' dir='ltr'><strong>crimea</strong></span> <span class='ocrx_word' id='word_1_215' title='bbox 423 3235 520 3302; x_wconf 91' lang='lat' dir='ltr'><strong>quam</strong></span> <span class='ocrx_word' id='word_1_216' title='bbox 551 3215 805 3302; x_wconf 87' lang='lat' dir='ltr'><strong>Peloponnesum</strong></span> <span class='ocrx_word' id='word_1_217' title='bbox 828 3215 952 3281; x_wconf 86' lang='lat' dir='ltr'><strong>adiecta</strong></span> <span class='ocrx_word' id='word_1_218' title='bbox 973 3215 1154 3303; x_wconf 77' lang='lat' dir='ltr'><strong>Megaride,</strong></span> <span class='ocrx_word' id='word_1_219' title='bbox 1177 3222 1234 3282; x_wconf 90' lang='lat' dir='ltr'><strong>aut</strong></span> <span class='ocrx_word' id='word_1_220' title='bbox 1257 3215 1347 3283; x_wconf 78' lang='lat' dir='ltr'><strong>Pelo</strong></span> 
     </span>
     <span class='ocr_line' id='line_1_27' title="bbox 154 3319 1349 3409; baseline -0.001 -21"><span class='ocrx_word' id='word_1_221' title='bbox 154 3343 329 3409; x_wconf 89' lang='lat' dir='ltr'><strong>ponnesum</strong></span> <span class='ocrx_word' id='word_1_222' title='bbox 361 3343 436 3388; x_wconf 89' lang='lat' dir='ltr'><strong>eum</strong></span> <span class='ocrx_word' id='word_1_223' title='bbox 466 3319 653 3409; x_wconf 81' lang='lat' dir='ltr'><strong>Megaride,</strong></span> <span class='ocrx_word' id='word_1_224' title='bbox 683 3322 809 3404; x_wconf 83' lang='lat' dir='ltr'><strong>Attica,</strong></span> <span class='ocrx_word' id='word_1_225' title='bbox 837 3320 984 3398; x_wconf 85' lang='lat' dir='ltr'><strong>Boeotia,</strong></span> <span class='ocrx_word' id='word_1_226' title='bbox 1018 3327 1051 3387; x_wconf 92' lang='grc'><strong>11</strong></span> <span class='ocrx_word' id='word_1_227' title='bbox 1079 3327 1170 3406; x_wconf 84' lang='lat' dir='ltr'><strong>parte</strong></span> <span class='ocrx_word' id='word_1_228' title='bbox 1199 3322 1349 3387; x_wconf 85' lang='lat' dir='ltr'><strong>Phocidis</strong></span> 
     </span>
     <span class='ocr_line' id='line_1_28' title="bbox 153 3425 1348 3513; baseline -0.002 -18"><span class='ocrx_word' id='word_1_229' title='bbox 153 3437 185 3496; x_wconf 90' lang='lat' dir='ltr'><strong>ct</strong></span> <span class='ocrx_word' id='word_1_230' title='bbox 215 3429 401 3495; x_wconf 85' lang='lat' dir='ltr'><strong>Locrorum.</strong></span> <span class='ocrx_word' id='word_1_231' title='bbox 450 3427 523 3494; x_wconf 86' lang='lat' dir='ltr'><strong>Non</strong></span> <span class='ocrx_word' id='word_1_232' title='bbox 554 3431 677 3513; x_wconf 84' lang='lat' dir='ltr'><strong>poterat</strong></span> <span class='ocrx_word' id='word_1_233' title='bbox 709 3431 819 3492; x_wconf 90' lang='lat' dir='ltr'><strong>tamen</strong></span> <span class='ocrx_word' id='word_1_234' title='bbox 850 3425 964 3493; x_wconf 81' lang='lat' dir='ltr'><strong>Strabo</strong></span> <span class='ocrx_word' id='word_1_235' title='bbox 994 3426 1120 3513; x_wconf 90' lang='lat' dir='ltr'><strong>planius</strong></span> <span class='ocrx_word' id='word_1_236' title='bbox 1145 3434 1179 3494; x_wconf 89' lang='grc'><strong>11</strong></span> <span class='ocrx_word' id='word_1_237' title='bbox 1200 3429 1348 3493; x_wconf 86' lang='lat' dir='ltr'><strong>disertius</strong></span> 
     </span>
     <span class='ocr_line' id='line_1_29' title="bbox 154 3530 1347 3621; baseline -0.005 -19"><span class='ocrx_word' id='word_1_238' title='bbox 154 3537 256 3602; x_wconf 83' lang='lat' dir='ltr'><strong>dicere</strong></span> <span class='ocrx_word' id='word_1_239' title='bbox 288 3555 386 3620; x_wconf 87' lang='lat' dir='ltr'><strong>quam</strong></span> <span class='ocrx_word' id='word_1_240' title='bbox 409 3536 472 3600; x_wconf 88' lang='lat' dir='ltr'><strong>sic:</strong></span> <span class='ocrx_word' id='word_1_241' title='bbox 505 3530 590 3598; x_wconf 75' lang='lat' dir='ltr'><strong>vill.</strong></span> <span class='ocrx_word' id='word_1_242' title='bbox 619 3553 691 3621; x_wconf 89' lang='lat' dir='ltr'><strong>pag.</strong></span> <span class='ocrx_word' id='word_1_243' title='bbox 719 3531 795 3598; x_wconf 80' lang='lat'><strong>334.</strong></span> <span class='ocrx_word' id='word_1_244' title='bbox 822 3533 838 3606; x_wconf 75' lang='grc' dir='ltr'><em>ἡ</em></span> <span class='ocrx_word' id='word_1_245' title='bbox 862 3538 921 3598; x_wconf 84' lang='grc' dir='ltr'><strong>τῶν</strong></span> <span class='ocrx_word' id='word_1_246' title='bbox 946 3533 1046 3598; x_wconf 76' lang='grc' dir='ltr'><strong><em>τόπων</em></strong></span> <span class='ocrx_word' id='word_1_247' title='bbox 1070 3535 1149 3605; x_wconf 78' lang='grc' dir='ltr'><strong><em>θέσις</em></strong></span> <span class='ocrx_word' id='word_1_248' title='bbox 1174 3533 1347 3613; x_wconf 76' lang='grc' dir='ltr'><strong><em>-χερρσνεί-</em></strong></span> 
     </span>
     <span class='ocr_line' id='line_1_30' title="bbox 154 3635 1347 3722; baseline 0.003 -19"><span class='ocrx_word' id='word_1_249' title='bbox 154 3665 215 3713; x_wconf 70' lang='grc' dir='ltr'><strong><em>σοις</em></strong></span> <span class='ocrx_word' id='word_1_250' title='bbox 243 3641 406 3720; x_wconf 68' lang='grc' dir='ltr'><strong><em>μεγάλαις</em></strong></span> <span class='ocrx_word' id='word_1_251' title='bbox 440 3639 732 3716; x_wconf 74' lang='grc' dir='ltr'><strong><em>διαπεποικιλμένη,</em></strong></span> <span class='ocrx_word' id='word_1_252' title='bbox 765 3635 804 3703; x_wconf 71' lang='grc' dir='ltr'><strong>ὧν</strong></span> <span class='ocrx_word' id='word_1_253' title='bbox 836 3638 870 3703; x_wconf 78' lang='grc' dir='ltr'><strong>ἐκ</strong></span> <span class='ocrx_word' id='word_1_254' title='bbox 902 3640 1048 3722; x_wconf 75' lang='grc' dir='ltr'><strong>διαδοχῆς</strong></span> <span class='ocrx_word' id='word_1_255' title='bbox 1080 3642 1230 3706; x_wconf 79' lang='grc' dir='ltr'><strong>ἈΤΕΡΑ</strong></span> <span class='ocrx_word' id='word_1_256' title='bbox 1254 3648 1347 3706; x_wconf 80' lang='grc' dir='ltr'><strong>ΤΗΝ</strong></span> 
     </span>
     <span class='ocr_line' id='line_1_31' title="bbox 154 3743 1344 3829; baseline -0.001 -17"><span class='ocrx_word' id='word_1_257' title='bbox 154 3750 336 3813; x_wconf 77' lang='grc' dir='ltr'>ἘΤΕΡΛΝ</span> <span class='ocrx_word' id='word_1_258' title='bbox 369 3746 456 3829; x_wconf 77' lang='grc' dir='ltr'><strong><em>ἔχει.</em></strong></span> <span class='ocrx_word' id='word_1_259' title='bbox 491 3743 535 3814; x_wconf 76' lang='lat' dir='ltr'><strong>isc</strong></span> <span class='ocrx_word' id='word_1_260' title='bbox 567 3745 598 3809; x_wconf 83' lang='grc' dir='ltr'><strong>δδ</strong></span> <span class='ocrx_word' id='word_1_261' title='bbox 630 3746 732 3825; x_wconf 75' lang='grc' dir='ltr'><strong><em>πρώτη</em></strong></span> <span class='ocrx_word' id='word_1_262' title='bbox 759 3747 817 3823; x_wconf 77' lang='grc' dir='ltr'><strong>μὲν</strong></span> <span class='ocrx_word' id='word_1_263' title='bbox 846 3747 863 3821; x_wconf 75' lang='grc' dir='ltr'><strong><em>ἦ</em></strong></span> <span class='ocrx_word' id='word_1_264' title='bbox 888 3747 1113 3819; x_wconf 70' lang='grc' dir='ltr'><strong>Πελοπόννησος</strong></span> <span class='ocrx_word' id='word_1_265' title='bbox 1138 3783 1191 3824; x_wconf 89' lang='lat'><strong>-,</strong></span> <span class='ocrx_word' id='word_1_266' title='bbox 1216 3746 1344 3826; x_wconf 77' lang='grc' dir='ltr'><strong><em>δευτέρα</em></strong></span> 
     </span>
     <span class='ocr_line' id='line_1_32' title="bbox 156 3843 1345 3935; baseline -0.001 -17"><span class='ocrx_word' id='word_1_267' title='bbox 156 3851 186 3918; x_wconf 74' lang='lat' dir='ltr'><strong>ti</strong></span> <span class='ocrx_word' id='word_1_268' title='bbox 210 3855 320 3928; x_wconf 76' lang='grc'>11111</span> <span class='ocrx_word' id='word_1_269' title='bbox 344 3859 527 3918; x_wconf 73' lang='grc'>’11111111</span> <span class='ocrx_word' id='word_1_270' title='bbox 552 3843 756 3935; x_wconf 43' lang='grc' dir='ltr'><strong>ἔχωσας,</strong></span> <span class='ocrx_word' id='word_1_271' title='bbox 780 3851 866 3929; x_wconf 64' lang='grc' dir='ltr'><strong><em>τρίτη</em></strong></span> <span class='ocrx_word' id='word_1_272' title='bbox 891 3851 917 3918; x_wconf 83' lang='grc'><strong>1·</strong></span> <span class='ocrx_word' id='word_1_273' title='bbox 943 3854 961 3928; x_wconf 75' lang='grc'><strong>1</strong></span> <span class='ocrx_word' id='word_1_274' title='bbox 987 3860 1058 3916; x_wconf 73' lang='lat' dir='ltr'><strong>um</strong></span> <span class='ocrx_word' id='word_1_275' title='bbox 1082 3859 1265 3917; x_wconf 74' lang='grc'>11111111</span> <span class='ocrx_word' id='word_1_276' title='bbox 1289 3875 1345 3917; x_wconf 71' lang='lat' dir='ltr'><strong>m·</strong></span> 
     </span>
     <span class='ocr_line' id='line_1_33' title="bbox 156 3947 1347 4046; baseline 0 -22"><span class='ocrx_word' id='word_1_277' title='bbox 156 3959 302 4040; x_wconf 77' lang='grc' dir='ltr'><strong><em>ριέχουσοι</em></strong></span> <span class='ocrx_word' id='word_1_278' title='bbox 335 3961 400 4025; x_wconf 76' lang='lat' dir='ltr'><strong>xri.</strong></span> <span class='ocrx_word' id='word_1_279' title='bbox 424 3965 457 4026; x_wconf 91' lang='lat' dir='ltr'><strong>et</strong></span> <span class='ocrx_word' id='word_1_280' title='bbox 480 3959 561 4024; x_wconf 88' lang='lat' dir='ltr'><strong>libro</strong></span> <span class='ocrx_word' id='word_1_281' title='bbox 583 3957 642 4022; x_wconf 84' lang='lat' dir='ltr'><strong>IX.</strong></span> <span class='ocrx_word' id='word_1_282' title='bbox 665 3979 739 4046; x_wconf 89' lang='lat' dir='ltr'><strong>pag.</strong></span> <span class='ocrx_word' id='word_1_283' title='bbox 765 3955 840 4021; x_wconf 84' lang='lat'><strong>390.</strong></span> <span class='ocrx_word' id='word_1_284' title='bbox 865 3959 919 4032; x_wconf 71' lang='grc' dir='ltr'><strong>τὴν</strong></span> <span class='ocrx_word' id='word_1_285' title='bbox 943 3959 1187 4032; x_wconf 79' lang='grc' dir='ltr'><strong><em>Πελοπόννησον,</em></strong></span> <span class='ocrx_word' id='word_1_286' title='bbox 1211 3947 1245 4030; x_wconf 68' lang='grc' dir='ltr'><strong>ἣν</strong></span> <span class='ocrx_word' id='word_1_287' title='bbox 1269 3961 1347 4038; x_wconf 78' lang='grc' dir='ltr'><strong><em>πρώ-</em></strong></span> 
     </span>
     <span class='ocr_line' id='line_1_34' title="bbox 157 4060 1346 4148; baseline -0.002 -17"><span class='ocrx_word' id='word_1_288' title='bbox 157 4090 211 4139; x_wconf 86' lang='grc' dir='ltr'><strong>την</strong></span> <span class='ocrx_word' id='word_1_289' title='bbox 234 4063 359 4148; x_wconf 73' lang='grc' dir='ltr'><strong><em>ἔφαμεν</em></strong></span> <span class='ocrx_word' id='word_1_290' title='bbox 383 4065 434 4130; x_wconf 72' lang='grc' dir='ltr'><strong>καὶ</strong></span> <span class='ocrx_word' id='word_1_291' title='bbox 459 4063 685 4144; x_wconf 54' lang='lat' dir='ltr'><strong>diarchae.—</strong></span> <span class='ocrx_word' id='word_1_292' title='bbox 701 4060 734 4138; x_wconf 74' lang='grc' dir='ltr'><strong>ἦν</strong></span> <span class='ocrx_word' id='word_1_293' title='bbox 758 4063 789 4128; x_wconf 79' lang='grc' dir='ltr'><strong>δὲ</strong></span> <span class='ocrx_word' id='word_1_294' title='bbox 813 4061 941 4143; x_wconf 66' lang='lat' dir='ltr'><strong>dauriae</strong></span> <span class='ocrx_word' id='word_1_295' title='bbox 959 4064 1015 4142; x_wconf 80' lang='grc' dir='ltr'><strong>μὲν</strong></span> <span class='ocrx_word' id='word_1_296' title='bbox 1036 4067 1053 4138; x_wconf 72' lang='grc' dir='ltr'><em>ἡ</em></span> <span class='ocrx_word' id='word_1_297' title='bbox 1079 4065 1346 4144; x_wconf 76' lang='grc' dir='ltr'><strong><em>προστιθεῖσα</em></strong></span> 
     </span>
     <span class='ocr_line' id='line_1_35' title="bbox 158 4169 1346 4252; baseline 0.001 -15"><span class='ocrx_word' id='word_1_298' title='bbox 158 4181 195 4252; x_wconf 69' lang='grc' dir='ltr'><strong>τῇ</strong></span> <span class='ocrx_word' id='word_1_299' title='bbox 230 4171 448 4252; x_wconf 70' lang='grc' dir='ltr'><strong><em>Πελοποννήσῳ</em></strong></span> <span class='ocrx_word' id='word_1_300' title='bbox 484 4175 538 4245; x_wconf 67' lang='grc' dir='ltr'><strong>τὴν</strong></span> <span class='ocrx_word' id='word_1_301' title='bbox 574 4169 763 4249; x_wconf 72' lang='grc' dir='ltr'><strong><em>Μεγαρίδα·</em></strong></span> <span class='ocrx_word' id='word_1_302' title='bbox 800 4170 887 4249; x_wconf 87' lang='grc' dir='ltr'><strong><em>τρίτη</em></strong></span> <span class='ocrx_word' id='word_1_303' title='bbox 924 4169 949 4234; x_wconf 86' lang='grc' dir='ltr'><strong>δ’</strong></span> <span class='ocrx_word' id='word_1_304' title='bbox 986 4171 1003 4245; x_wconf 78' lang='grc' dir='ltr'><strong>οἱ</strong></span> <span class='ocrx_word' id='word_1_305' title='bbox 1039 4178 1149 4235; x_wconf 79' lang='lat' dir='ltr'><strong>[IPOC</strong></span> <span class='ocrx_word' id='word_1_306' title='bbox 1181 4178 1346 4238; x_wconf 79' lang='lat' dir='ltr'>TATTHI</span> 
     </span>
     <span class='ocr_line' id='line_1_36' title="bbox 158 4275 1349 4367; baseline 0.003 -24"><span class='ocrx_word' id='word_1_307' title='bbox 158 4276 480 4356; x_wconf 74' lang='grc' dir='ltr'><strong><em>ΠΡΟΕλαμβοὲνοιισα</em></strong></span> <span class='ocrx_word' id='word_1_308' title='bbox 504 4277 559 4350; x_wconf 68' lang='grc' dir='ltr'><strong>τὴν</strong></span> <span class='ocrx_word' id='word_1_309' title='bbox 583 4279 729 4352; x_wconf 75' lang='grc' dir='ltr'><strong><em>Ἀττικήν</em></strong></span> <span class='ocrx_word' id='word_1_310' title='bbox 753 4277 818 4340; x_wconf 76' lang='lat' dir='ltr'><strong>eri.</strong></span> <span class='ocrx_word' id='word_1_311' title='bbox 854 4276 966 4363; x_wconf 85' lang='lat' dir='ltr'><strong>Itaque</strong></span> <span class='ocrx_word' id='word_1_312' title='bbox 991 4279 1008 4352; x_wconf 77' lang='grc' dir='ltr'><strong>οἱ</strong></span> <span class='ocrx_word' id='word_1_313' title='bbox 1033 4275 1169 4354; x_wconf 74' lang='grc' dir='ltr'><strong><em>ἕλαχίςη</em></strong></span> <span class='ocrx_word' id='word_1_314' title='bbox 1190 4277 1349 4367; x_wconf 84' lang='lat' dir='ltr'><strong>significat</strong></span> 
     </span>
     <span class='ocr_line' id='line_1_37' title="bbox 159 4382 1347 4470; baseline 0 -20"><span class='ocrx_word' id='word_1_315' title='bbox 159 4404 282 4470; x_wconf 86' lang='lat' dir='ltr'><strong>semper</strong></span> <span class='ocrx_word' id='word_1_316' title='bbox 304 4391 337 4450; x_wconf 91' lang='lat' dir='ltr'><strong>et</strong></span> <span class='ocrx_word' id='word_1_317' title='bbox 359 4384 480 4469; x_wconf 87' lang='lat' dir='ltr'><strong>ubique</strong></span> <span class='ocrx_word' id='word_1_318' title='bbox 502 4383 608 4467; x_wconf 85' lang='lat' dir='ltr'><strong>idem,</strong></span> <span class='ocrx_word' id='word_1_319' title='bbox 633 4389 665 4448; x_wconf 90' lang='grc'><strong>11</strong></span> <span class='ocrx_word' id='word_1_320' title='bbox 685 4385 744 4459; x_wconf 88' lang='lat' dir='ltr'><strong>sie,</strong></span> <span class='ocrx_word' id='word_1_321' title='bbox 766 4383 874 4466; x_wconf 85' lang='lat' dir='ltr'><strong>credo,</strong></span> <span class='ocrx_word' id='word_1_322' title='bbox 894 4382 1127 4468; x_wconf 86' lang='lat' dir='ltr'><strong>Peloponnesus</strong></span> <span class='ocrx_word' id='word_1_323' title='bbox 1146 4389 1214 4448; x_wconf 88' lang='lat' dir='ltr'><strong>erat</strong></span> <span class='ocrx_word' id='word_1_324' title='bbox 1230 4384 1347 4450; x_wconf 88' lang='lat' dir='ltr'><strong>harum</strong></span> 
     </span>
     <span class='ocr_line' id='line_1_38' title="bbox 161 4485 1349 4576; baseline 0.003 -20"><span class='ocrx_word' id='word_1_325' title='bbox 161 4492 303 4556; x_wconf 87' lang='lat' dir='ltr'><strong>omnium</strong></span> <span class='ocrx_word' id='word_1_326' title='bbox 334 4489 594 4576; x_wconf 82' lang='lat' dir='ltr'><strong>paeninsulernm</strong></span> <span class='ocrx_word' id='word_1_327' title='bbox 625 4488 761 4567; x_wconf 76' lang='grc' dir='ltr'>1ιὶ111111,</span> <span class='ocrx_word' id='word_1_328' title='bbox 794 4493 832 4552; x_wconf 88' lang='lat' dir='ltr'><strong>nt</strong></span> <span class='ocrx_word' id='word_1_329' title='bbox 862 4491 1037 4554; x_wconf 88' lang='lat' dir='ltr'><strong>rectissime</strong></span> <span class='ocrx_word' id='word_1_330' title='bbox 1059 4485 1173 4556; x_wconf 82' lang='lat' dir='ltr'><strong>Strabo</strong></span> <span class='ocrx_word' id='word_1_331' title='bbox 1196 4489 1235 4555; x_wconf 90' lang='lat' dir='ltr'><strong>de</strong></span> <span class='ocrx_word' id='word_1_332' title='bbox 1257 4489 1349 4560; x_wconf 88' lang='lat' dir='ltr'><strong>Pelo·</strong></span> 
     </span>
    </p>
   </div>
   <div class='ocr_carea' id='block_1_4' title="bbox 0 0 1673 5090">
    <p class='ocr_par' dir='ltr' id='par_1_5' title="bbox 0 0 1673 5090">
     <span class='ocr_line' id='line_1_39' title="bbox 0 0 1673 5090; baseline 0 0"><span class='ocrx_word' id='word_1_333' title='bbox 0 0 1673 5090; x_wconf 95' lang='lat' dir='ltr'><strong> </strong></span> 
     </span>
    </p>
   </div>
  </div>
 </body>
</html>
