3348 5086
898 315 965 385 394

330 515 363 577 et
380 530 457 577 auro
476 514 584 576 contra
602 529 691 588 cara,
712 510 758 575 sic
778 510 874 575 etiam
896 513 1049 595 apparent
1068 511 1188 597 passim
1208 527 1378 597 aegrorum
1396 510 1523 576 somnia

331 622 363 684 et
386 616 575 683 stolidorum
597 615 767 682 hominum
790 614 999 681 deliramenta
1020 621 1182 683 eteorum
1201 618 1257 700 qui
1277 615 1373 682 feraci
1392 617 1523 704 ingenio

331 724 544 790 abutebantur
567 726 748 788 commenta
770 727 803 788 st
825 721 983 800 ludibria,
1009 743 1088 808 quas
1110 743 1185 788 sano
1209 743 1245 789 ac
1267 723 1372 790 sobrio
1396 723 1524 790 homini

331 835 388 896 aut
409 829 509 897 bilem
532 834 664 896 movent
687 833 744 895 aut
764 829 876 894 risum.
923 827 1050 894 Horum
1074 829 1157 896 bona
1179 850 1251 916 pars
1273 831 1397 917 ingenii
1420 837 1522 896 osten·

331 936 420 1003 tandi
452 956 546 1002 causa
576 940 608 1002 et
639 940 678 1000 ut
707 933 829 1020 aliquid
858 936 935 1001 novi
964 935 1156 1021 proferretur
1179 957 1198 1002 a
1220 938 1444 1024 grammaticis
1467 941 1524 1002 aut

330 1041 436 1129 lepido
466 1047 523 1108 aut
552 1039 683 1126 illepide
715 1042 896 1128 excogitata
926 1045 984 1106 est.
1031 1039 1219 1107 Incredibile
1243 1042 1333 1107 dictu
1353 1047 1403 1108 est
1426 1063 1524 1128 quam

331 1146 468 1214 mirifica
501 1153 642 1214 monstra
677 1151 709 1212 et
740 1151 887 1232 portenta
921 1168 1160 1233 nonnumquam
1194 1149 1335 1234 perdocti
1371 1150 1524 1237 magistri

332 1254 513 1341 loquantur.
561 1251 645 1332 Quid
678 1257 784 1339 potest
818 1273 885 1320 esse
920 1253 1100 1340 simplicius
1136 1259 1168 1320 et
1201 1254 1241 1320 ad
1274 1253 1523 1342 intelligendum

333 1363 474 1447 apertius
497 1380 594 1445 quam
618 1364 666 1424 est
688 1359 813 1424 dietum
835 1359 1087 1446 Agamemnonis
1108 1360 1200 1426 Iliad.
1225 1371 1264 1426 λ.
1291 1357 1365 1425 117.

515 1464 647 1543 βούλομ’
671 1465 732 1542 ἐγὼ
755 1465 831 1530 λαὸν
857 1464 923 1530 σόον
946 1465 1079 1542 ἔμμεναι
1104 1467 1121 1540 ἢ
1146 1464 1336 1532 οὶπολέσέαιέ

333 1575 410 1638 satis
440 1576 488 1638 eat
519 1573 605 1638 enim
635 1569 735 1636 semel
765 1570 1029 1637 animadvertisse
1059 1575 1298 1658 compositionis
1332 1573 1524 1640 Homericae

333 1678 594 1746 consuetudinem
616 1679 652 1742 in
674 1676 831 1755 βούλομαι
857 1678 907 1754 -ιῖ
932 1676 985 1743 vel
1009 1678 1108 1760 ἠέπερ.
1133 1689 1173 1744 Λ.
1200 1677 1275 1745 319.

469 1783 588 1865 Τρωσὶν
611 1783 645 1857 δὶς
668 1783 800 1863 βόλεται
825 1783 950 1862 δόμεναι
974 1782 1083 1865 κροέπος
1107 1785 1198 1867 ἠέπερ
1222 1787 1304 1865 ἡμῖν.

378 1903 412 1958 Ρ.
433 1889 508 1957 331.

470 2000 542 2076 ἡμῖν
567 1995 598 2062 δέ
622 1996 700 2071 Ζεὺς
723 1997 781 2076 μέν
804 1996 884 2063 πολὺ
908 1997 1059 2077 βούλεται
1084 1999 1101 2076 ἢ
1125 2007 1277 2066 Δαναοῖσι

469 2104 560 2178 visas.

379 2237 405 2294 ρ.
431 2209 486 2276 81.

469 2318 561 2382 αὐτὸν
586 2314 700 2397 έχοντα
721 2318 755 2382 σέ
777 2317 909 2396 βούλομ’
934 2319 1106 2402 ἐπαυρέμεν
1130 2321 1147 2398 ἦ
1172 2344 1240 2386 τινα
1264 2320 1368 2386 τῶνδε.

378 2450 405 2506 ρ.
430 2422 507 2489 404.

469 2530 562 2604 αὐτὸς
588 2529 651 2611 γὰρ
674 2529 824 2612 φαγέμεν
849 2532 928 2598 πολὺ
953 2532 1085 2612 βούλεαι
1110 2536 1127 2612 ἢ
1152 2532 1244 2614 δέμεν
1268 2532 1368 2617 ἄλλῳ.

376 2637 462 2706 Audi
490 2658 575 2703 nunc
605 2639 800 2725 magistrum
829 2641 1051 2726 nescioquem
1072 2663 1192 2731 magna
1214 2643 1374 2730 mutate
1395 2643 1444 2706 ita
1467 2641 1523 2707 dc·

333 2749 475 2812 centem:
500 2745 514 2808 d
538 2743 570 2808 δέ
592 2744 683 2822 λόγος
709 2744 840 2830 (inquit)
862 2748 1011 2819 τοιοῦτος·
1032 2747 1123 2828 θέλω,
1146 2747 1258 2830 φασὶν,
1278 2747 1339 2824 ἐγὼ
1360 2749 1412 2812 τὸν
1429 2745 1524 2828 ὄχλον

332 2857 457 2932 μᾶλλον
481 2849 628 2932 σώζεσθαι
652 2859 724 2916 ΚΑΙ
748 2849 842 2924 αὐτὸς
866 2850 1046 2917 ἀπολέσθαι.
1073 2853 1086 2916 l
1109 2853 1173 2933 γὰρ
1194 2851 1238 2916 Ἢ
1262 2853 1428 2932 σύνδεσμος
1453 2853 1521 2919 ἀντὶ

331 2963 385 3024 ποῦ
410 2967 482 3026 ΚΑΙ
507 2956 719 3038 παρείληπται
745 2958 786 3038 τῷ
811 2967 931 3041 rotari.
967 2957 1073 3024 Sumit
1094 2960 1191 3026 homo
1214 2980 1270 3046 pro
1294 2963 1432 3024 certost
1451 2979 1522 3024 oon·

331 3086 417 3133 cesso
447 3063 671 3151 quodfalsum
695 3068 727 3129 et
750 3064 925 3130 absurdum
950 3069 1017 3141 ost,
1050 3070 1088 3130 ut
1118 3086 1158 3132 ex
1180 3064 1285 3130 verbis
1309 3065 1519 3150 apertissimis

332 3174 523 3239 sententiam
555 3169 640 3236 male
666 3190 776 3236 sanam
800 3171 962 3237 extundat.
1009 3169 1167 3237 Zenodoto
1191 3176 1299 3237 autern
1323 3170 1401 3256 quid
1424 3171 1520 3238 lscias

332 3281 388 3365 qui
417 3279 502 3344 hune
529 3297 658 3344 versum
688 3277 845 3363 expunxit
871 3279 910 3349 ὡς
933 3285 989 3352 τοῖς
1013 3275 1146 3349 διανοίας
1170 3277 1290 3352 stilicus
1314 3276 1413 3350 οὔσης.
1462 3277 1520 3343 Fa-

332 3391 427 3451 tuum
458 3387 488 3450 ei
516 3383 686 3450 videbatur
715 3385 940 3470 imperatorem
971 3383 1074 3450 dicere
1105 3385 1203 3463 „molo
1228 3388 1386 3448 οοσισίοανι
1406 3383 1520 3448 solcum

332 3515 393 3557 esre
425 3513 512 3578 ραοοι
535 3487 673 3574 perire‚”
703 3491 794 3576 quasi
824 3487 893 3556 ulla
923 3488 962 3556 de
992 3510 1030 3556 ea
1058 3511 1093 3556 re
1124 3496 1229 3577 posset
1259 3510 1327 3556 esse
1351 3489 1519 3556 dubitatio·

332 3597 447 3663 Paucis
470 3595 576 3663 verbis
598 3615 666 3659 rem
690 3597 832 3660 restituit
855 3595 1066 3662 Aristarchus.
1380 3578 1390 3598 ⁸

377 3805 457 3875 Vide
481 3813 514 3873 et
535 3808 570 3873 in
593 3807 712 3872 vicinia
734 3804 920 3874 incredibile
944 3807 1111 3890 παρόραμα
1136 3807 1333 3886 Πτολεμαίου
1358 3810 1411 3872 τοῦ
1436 3810 1517 3887 Ὀρο·

332 3915 422 3983 cludro
454 3925 494 3980 A.
527 3911 602 3979 120.
648 3913 788 3999 Lepidus
811 3918 859 3980 est
882 3916 981 3981 etiam
1004 3918 1236 4004 grammaticus
1259 3918 1363 3981 neseio
1386 3916 1459 4000 quia
1481 3911 1518 3978 ad

334 4033 373 4089 Δ.
403 4021 471 4088 228
501 4021 631 4086 docens:
663 4018 744 4085 οὐδέν
775 4023 1006 4101 πατρονομιαδν
1036 4020 1123 4104 παροδ
1153 4022 1195 4102 τῷ
1227 4029 1337 4104 ποιητῇ
1370 4018 1437 4103 ἔχει
1465 4019 1517 4098 πρὸ

331 4131 438 4200 τέλους
470 4124 669 4204 διεςαλμένον
698 4127 734 4192 σέ
765 4135 778 4190 l
810 4126 873 4192 οὶπδ
904 4126 1004 4208 έπέρον
1036 4127 1206 4208 Φανήενπος
1242 4123 1299 4193 οέον
1334 4123 1515 4208 Πανθοίδης,

332 4233 508 4310 Bastetana,
536 4231 707 4310 Πνλειδνς,
740 4253 877 4319 namque
906 4233 1000 4321 plane
1031 4239 1140 4300 eontra
1171 4237 1233 4312 est,
1260 4237 1298 4298 ut
1320 4253 1404 4299 nune
1425 4249 1516 4298 nemo

331 4343 433 4409 nescit
456 4346 488 4406 et
510 4345 582 4405 tum
605 4358 729 4424 quoque
752 4339 827 4404 seiri
849 4344 984 4425 poterat.

377 4445 597 4535 'Petrasyllaba
615 4445 793 4531 antiquitus
808 4444 906 4512 fuisse
916 4447 1138 4535 patronymica
1149 4445 1306 4523 Πηλεΐδης
1319 4495 1327 4525 ,
1340 4444 1515 4529 Ἀτρεΐδης,
