3304 5090
684 369 750 441 217

136 557 278 629 usna
307 563 427 630 trierim
456 562 576 649 passim
610 579 747 630 errorem
783 579 878 628 suum
913 563 1129 628 monumentis
1163 565 1311 628 veterum

136 653 276 735 affricani
312 669 466 734 Unanimi
486 687 636 735 consensu
655 687 765 732 omnes
785 667 932 733 dicebant
951 668 1144 746 πίΜπλιιμι,
1163 669 1312 739 πίμπλα-

135 798 203 854 μαι,
233 774 501 851 άπιπιμπλάναι,
534 773 774 852 ἐκπιμπλάναι,
804 773 1090 851 καταπιμπλάναι,
1117 775 1227 840 sedin
1248 793 1312 840 uno

135 884 313 967 composito,
344 890 383 946 ut
404 879 585 946 futilissimi
608 877 902 946 Grammaticorum
927 879 1058 957 Suidas,
1083 879 1312 967 Moschopulus

134 993 162 1053 et
181 985 299 1053 similes
321 987 374 1052 his
396 985 574 1075 magistelli
596 987 822 1072 opinabantur,
847 986 887 1052 ab
910 1007 947 1054 ea
966 985 1114 1075 unelugia
1133 986 1312 1052 discedeba-

134 1099 188 1158 tur.
232 1090 268 1158 Si
296 1092 373 1179 quid
402 1093 454 1158 his
481 1091 640 1158 credimus
671 1092 852 1171 ἐμπίπλιιμι
882 1092 1052 1158 dicendum
1087 1097 1151 1170 est,
1189 1092 1241 1157 διά
1275 1094 1311 1158 πί

132 1198 316 1281 nouenos,
349 1199 405 1264 sed
434 1199 629 1275 ἐνεπίμπλη,
662 1197 813 1264 similiter
843 1199 1019 1279 ἐμπίπριιμι
1048 1198 1102 1264 scd
1125 1198 1309 1280 ἐνεπίμπρη.

132 1303 317 1372 Bemcvetur
347 1303 485 1371 alterum
513 1313 547 1368 M
572 1301 671 1370 altero
703 1303 923 1389 praecedente,
956 1321 1018 1390 quo
1048 1309 1169 1370 remoto
1201 1307 1313 1370 statim

133 1413 304 1477 revertitur.
350 1409 460 1495 lisque
492 1408 695 1484 ἐνεπίΜπλιιν
728 1415 761 1475 et
791 1409 989 1490 ἐνεπίΜπρκν
1014 1409 1080 1476 ecla
1102 1410 1200 1495 proba
1223 1414 1312 1487 sunt,

134 1517 182 1582 sed
210 1518 426 1596 ἐμπίΜπλκμι
460 1521 493 1581 et
517 1515 730 1596 ἐμπίΜπρκμι
755 1517 872 1581 vitiosa
895 1521 970 1581 sunt
993 1516 1043 1580 διά
1067 1519 1102 1580 τὸ
1126 1515 1311 1596 sostenen.

133 1621 345 1708 lmpceuerunt
374 1622 520 1690 homines
548 1621 644 1687 nihili
666 1619 828 1688 Dindorfio
851 1621 891 1688 ad
914 1621 1070 1708 Stephani
1092 1621 1310 1707 'l‘hesaurum‚

134 1730 181 1794 cui
209 1730 284 1796 adeo
315 1729 513 1808 ἐμπιπλάναι
547 1734 580 1794 et
613 1726 805 1808 ἐμπιπράναι
841 1728 925 1813 apud
960 1724 1106 1794 Comicus
1141 1727 1312 1794 secundam

132 1841 209 1901 recte
235 1833 405 1922 producere
427 1835 586 1902 videntur.
633 1833 766 1900 Fatetur
788 1829 971 1901 Dindorflus
993 1853 1026 1899 se
1050 1835 1083 1898 in
1106 1854 1143 1900 ea
1165 1837 1312 1920 opinione

133 1944 243 2007 versari
283 1948 411 2028 propter
449 1945 642 2025 „optimorum
677 1941 820 2004 librorum
854 1937 1092 2024 emimentem?
1126 1941 1216 2025 quasi
1249 1959 1312 2004 non

133 2049 221 2112 etiam
253 2051 393 2134 optimus
424 2050 556 2134 quisque
587 2051 619 2112 et
649 2047 841 2113 veterrimus
870 2045 953 2110 liber
984 2043 1109 2110 mendis
1134 2045 1173 2110 de
1197 2063 1313 2130 genere

132 2151 185 2219 hoc
213 2157 412 2243 gravissimis
439 2158 582 2219 scateret.
628 2151 718 2218 Malo
741 2151 878 2238 prolerre
902 2150 988 2236 quod
1010 2150 1093 2215 mihi
1116 2150 1154 2216 de
1176 2150 1227 2215 his
1250 2149 1311 2214 fcr-

132 2261 188 2325 mis
209 2281 249 2327 ex
270 2261 414 2328 Parisino
436 2262 476 2326 A.
521 2259 683 2339 Platonis,
708 2279 769 2344 quc
792 2257 968 2324 fideliorem
990 2262 1106 2324 testem
1128 2275 1192 2322 nun
1215 2256 1311 2322 habe·

132 2387 213 2444 mus,
236 2373 284 2433 est
306 2367 521 2434 observatum.

171 2472 237 2540 l'cl.
269 2472 321 2540 32.
353 2495 386 2540 ι.
418 2494 438 2539 a
467 2475 571 2559 prime
599 2491 699 2537 manu
730 2471 826 2538 hebet
856 2469 1160 2552 ἐμπιΜπλαμένονς.
1197 2467 1251 2536 35.
1283 2490 1310 2536 r.

134 2577 218 2654 ίνμιῦ
248 2579 448 2655 ἐμπίπλαται
484 2581 660 2644 correctum
691 2577 931 2657 ἐμπίμπλαται.
965 2575 1017 2643 40.
1052 2601 1077 2644 r.
1108 2575 1225 2657 μείιίαν
1257 2575 1309 2642 καί

133 2681 359 2765 ἐμπιπλάμενοι
380 2705 458 2752 corr.
481 2686 620 2762 ἐμπιμπ.
642 2681 741 2752 521.
762 2685 858 2758 ιίκίας
877 2685 1066 2766 ἐμπιπρῶσιν
1078 2705 1156 2750 corr.
1171 2684 1310 2761 ἐμπιμπ.

133 2793 161 2854 et
187 2796 256 2878 post
285 2812 385 2878 pauca
415 2791 511 2862 νίκίας
543 2790 736 2868 ἐμπιπράναι
767 2811 846 2857 corr.
877 2791 1016 2871 ἐμπιμπ.
1044 2790 1087 2856 66
1111 2813 1137 2856 r.
1163 2790 1236 2856 άνειι
1259 2793 1309 2856 νοῦ

133 2893 358 2978 ἐμπιπλάμενον
382 2917 458 2964 corr.
484 2895 623 2974 ἐμπιμπ.
649 2892 703 2961 67.
722 2918 759 2976 y.
783 2896 966 2975 δυσμενείας
990 2895 1207 2975 ἐμπίπλασθαι
1231 2916 1308 2966 corr·

132 3001 263 3082 ἐμπίμπ.
288 3003 342 3070 68.
364 3028 397 3072 ν.
420 3001 553 3084 χάσμαι
578 3001 806 3081 ἐμπίπλανται.
831 3023 910 3070 corr.
935 3003 1073 3082 ἐμπίμπ.

170 3110 218 3176 Διί
247 3113 384 3178 eundem
412 3109 544 3176 modum
568 3109 751 3195 explesset
774 3111 891 3176 reiecta
913 3110 1143 3198 magistrorum
1166 3109 1311 3196 opinione

132 3219 239 3284 caeteri
260 3217 323 3286 loci
344 3238 455 3285 omnes
478 3237 515 3284 eo
535 3217 617 3284 vitio
644 3214 801 3282 liberandi
824 3221 908 3282 sunt.

506 3461 684 3529 sterilae
708 3495 728 3514 -
740 3465 928 3529 HAANHC.

169 3635 320 3712 'litubant
350 3645 385 3710 in
414 3643 466 3709 his
495 3643 607 3711 formis
641 3645 761 3712 scribae
796 3655 923 3711 omnent
954 3639 1097 3733 primum
1129 3648 1312 3736 γυμνήτων,

133 3760 286 3829 γυμνῆτας
328 3755 361 3817 et
402 3754 584 3828 πλανήτων,
626 3751 791 3825 πλάνητας
820 3759 1028 3837 corrumpunt
1061 3755 1096 3818 in
1130 3762 1311 3834 γυμνητῶν,

134 3859 288 3933 γυμνήτας
319 3861 352 3924 et
383 3863 547 3931 πλανητῶν
578 3857 763 3936 πλάνητάς,
796 3859 887 3944 quasi
916 3867 1074 3937 γνμνιῑπαι
1097 3864 1130 3925 et
1154 3861 1316 3935 πλαννταί

134 3961 163 4026 in
198 3984 258 4030 usu
292 3969 412 4043 essent,
448 3983 583 4049 quorum
617 3966 777 4043 γυμνιίπκς
812 3985 1050 4050 nonnumquam
1077 3966 1162 4050 apud
1185 3965 1313 4032 infimae

134 4072 237 4136 aetatis
259 4065 434 4136 Graeculos
457 4075 636 4156 comparet,
661 4070 821 4146 πλανκτιίς
845 4069 1054 4157 Tragicorum
1077 4076 1142 4137 est:

432 4178 480 4249 πίι
503 4178 554 4243 riv
578 4178 739 4252 πλανιιπίιν
764 4176 909 4242 Οίδίπινν
932 4177 999 4243 κπέ.

172 4277 289 4348 Deinde
318 4281 429 4371 gliscit
459 4303 544 4350 error
574 4288 607 4349 et
628 4288 787 4361 γυμνῆται
810 4283 969 4350 scribitur.
1014 4281 1052 4348 In
1076 4283 1232 4373 singulari
1257 4307 1314 4352 nu·

132 4405 211 4456 mero
239 4397 332 4456 recte
355 4389 459 4455 forme
488 4389 552 4458 iere
584 4387 739 4468 elabitur,
771 4394 809 4458 ut
838 4392 874 4456 in
901 4386 1021 4465 πλάνκι
1053 4389 1140 4471 βία,
1165 4391 1315 4470 πλάνητα

133 4493 179 4560 καί
200 4493 384 4580 μετανάπκν
407 4495 494 4578 βίον,
519 4501 552 4562 et
575 4499 648 4564 sim.
702 4557 705 4562 .
