3304 5090
682 335 750 412 189'

173 535 214 600 in
238 533 375 621 margine
405 536 454 597 est
485 529 564 598 oiim
596 529 742 598 additum
772 553 811 600 ex
840 533 984 624 Diogene
1014 534 1141 604 Leiriio
1171 535 1195 602 1.
1221 537 1252 604 5.
1278 533 1311 604 8.

127 641 200 722 περὶ
222 636 253 706 οὗ
274 639 365 721 φιισίν
389 636 482 710 οὔπως
505 635 677 714 Ἱππῶναξ·

260 747 307 810 καί
331 745 536 811 δικοίσσασίαι
560 745 687 817 Βίαντος
710 748 764 810 ποῦ
789 747 936 827 Πριηνέως
960 746 1104 830 κρέσσων.

128 853 190 918 nbi
211 852 319 919 melius
340 854 385 918 sie
407 853 579 918 scribetur:

259 961 308 1025 καί
330 959 526 1025 δικοίΖΕσίαι
551 957 678 1031 Βίαντος
701 963 755 1025 ποῦ
777 962 942 1042 ΠριιρνόΟΟ
966 963 1131 1044 αρίσσΟΝ.

175 1171 251 1260 Pag.
274 1169 347 1236 638.
396 1169 608 1252 Καλλίμαχος
633 1169 664 1235 δέ
684 1170 859 1238 τούναντίον
879 1172 1026 1253 ἐμφαίνει
1048 1171 1085 1237 δι’
1106 1171 1312 1252 ἐπιγραμμα-

129 1277 182 1348 σο’ς
213 1286 361 1361 ΤίΝΟΟ,
393 1279 431 1348 cie
463 1278 575 1342 ἐκείνου
606 1277 662 1354 μέν
695 1283 894 1358 πονήσαντος,
928 1278 1096 1359 λεγομένου
1129 1280 1155 1346 δ’
1174 1282 1309 1361 Ὀμήρου

129 1385 181 1448 διὰ
202 1386 252 1458 rip
275 1385 443 1461 λεγομένην
466 1383 577 1461 ξενίαν.

264 1489 329 1578 [ποῦ
353 1491 476 1568 Σαμίου
499 1487 588 1564 πόνος
612 1489 676 1568 είμί
700 1489 783 1573 δόμῳ
806 1492 881 1557 ποπέ
903 1496 979 1559 όεῖον
1000 1492 1137 1574 Ὀμιιρον

304 1594 489 1672 δεξαμένου·
514 1597 612 1660 κλαίω
636 1596 662 1660 δ’
686 1596 819 1678 Εὔρυτον
842 1595 907 1664 όσσ·
932 1597 1060 1677 έπαίεν,

258 1701 311 1767 καί
335 1699 445 1777 ξανόίρν
468 1700 614 1768 Ἰόλειαν·
638 1706 800 1782 Ὁμιίρειον
824 1703 854 1769 δέ
878 1711 1038 1784 καλοῦμαι

305 1807 463 1886 γράμμα·
488 1807 676 1889 Κρεωφύλω,
701 1814 762 1876 Ζεῦ
785 1810 884 1892 φίλε,
907 1815 997 1876 σοῦπο
1020 1810 1138 1901 μέγα]

171 1915 375 1999 Perspicuum
400 1921 449 1982 est
471 1917 671 2002 epigramma
693 1935 713 1981 n
735 1919 851 1983 seriore
873 1938 972 1983 mnuu
996 1918 1155 1986 adiectum
1180 1939 1247 1984 esse
1272 1939 1311 1984 ex

128 2022 228 2088 serbis
247 2021 285 2087 δι’
309 2020 552 2100 ἐπιγράμματος
584 2044 711 2098 τινος,
744 2023 828 2109 quod
852 2027 897 2090 sie
921 2024 1059 2091 indicare
1085 2027 1163 2090 setis
1186 2025 1310 2090 hebuit.

127 2126 183 2193 Est
206 2134 312 2194 autem
337 2131 537 2217 epigramma
555 2135 669 2194 notum
693 2135 726 2194 et
749 2130 892 2196 obvium.

169 2339 411 2408 Eiusdemmodi
439 2339 599 2406 emblema
629 2341 732 2408 adhue
761 2339 858 2406 latuit
891 2361 963 2430 pag.
996 2339 1072 2407 642.
1104 2342 1161 2407 ubi
1185 2361 1311 2407 enume-

129 2453 235 2513 rantur
256 2445 336 2513 elari
358 2448 423 2512 viri
430 2493 439 2524 ,
463 2467 541 2531 quus
563 2445 707 2531 Ephesus
730 2445 818 2511 tulit.
853 2443 967 2514 Strabo
987 2448 1129 2514 dixerat:
1150 2447 1312 2528 Ἡρακλει-

127 2556 174 2626 σός
204 2579 240 2621 σε
271 2555 285 2618 ό
318 2551 468 2625 σκοτεινὸς
497 2553 687 2628 καλούμενος
720 2553 773 2617 καί
805 2552 1004 2634 Ἐρμοδωρος·
1036 2554 1120 2620 δοκεῖ
1139 2553 1167 2619 δ’
1189 2550 1312 2626 οὖσιςό

126 2662 194 2740 ἀνὴρ
226 2661 334 2739 νόμους
366 2659 452 2732 τινας
485 2661 645 2736 Ῥωμαίοις
670 2657 868 2738 συγγροίφαι.
916 2661 1050 2727 Addidit
1072 2661 1123 2726 his
1147 2665 1314 2726 annotator

127 2789 161 2833 ex
180 2767 326 2856 Diogene
346 2767 473 2834 Laertio
491 2765 548 2832 Di.
573 2765 602 2831 1.
623 2764 655 2830 2.
675 2765 743 2844 περί
762 2761 797 2830 οὔ
818 2767 832 2828 ό
857 2767 948 2839 αὐτὸς
973 2764 1059 2840 οὗτος
1085 2765 1312 2853 (Ἡροίκλεισος,

125 2875 229 2951 crede,
263 2875 433 2959 edisserat)
464 2875 578 2952 φησίν·
622 2868 731 2946 ’Λξιον
764 2873 918 2952 Ἐφεσίοις
945 2872 1057 2950 ἡβηδόν
1081 2869 1311 2950 οὶποίγξασίαι,

125 2979 228 3053 οἵτινες
260 2979 443 3059 Ἑρμόδωρον
475 2978 569 3058 ἄνδρα
599 2978 713 3042 ἑωυτῶν
746 2977 860 3052 όνιρῖςὸν
896 2977 1044 3055 ἐξέβαλον
1070 2979 1189 3060 φοίνπες
1214 2979 1314 3056 ἡμέων

124 3087 230 3164 μηδείς
262 3088 378 3160 όνιρῖςὸς
411 3083 487 3160 lece,
520 3087 545 3150 εί
577 3085 608 3150 δέ
637 3085 705 3162 μή,
738 3083 822 3164 ἄλλο
849 3109 885 3148 σε
910 3086 961 3149 καί
987 3091 1058 3164 μετ’
1082 3082 1208 3163 ἄλλων,
1232 3107 1312 3172 quus

123 3201 193 3280 post
216 3193 400 3274 Ἑρμόδωρος
424 3194 458 3257 in
482 3196 606 3257 textum
629 3192 831 3275 irrepserunt.

166 3404 232 3486 Qui
261 3407 424 3493 margines
447 3404 497 3469 sui
521 3400 685 3467 Strabonis
708 3397 787 3465 olim
809 3401 1068 3468 annotationibus
1090 3423 1152 3468 non
1176 3402 1313 3469 induetis

121 3511 264 3599 opplevit
304 3509 344 3576 sd
388 3530 462 3597 pag.
501 3507 577 3573 301.
612 3505 665 3572 καί
700 3504 764 3584 γοδρ
800 3504 959 3581 ίαλοίπτνς
997 3505 1155 3588 ἑψόμενοι
1190 3509 1310 3590 χείρους
1400 3564 1402 3568 ,

121 3617 289 3697 γεγόνασιν
320 3615 488 3700 adscripsit
517 3614 612 3679 hese:
643 3612 696 3676 καί
729 3611 862 3678 Πλοίπων
894 3611 925 3677 δὲ
957 3614 988 3678 όν
1018 3623 1058 3695 ‘fei
1085 3615 1234 3700 Πολιτεία
1257 3618 1313 3691 πίον

122 3725 285 3790 ίοίλαππαν
313 3725 351 3792 είς
383 3717 675 3798 πονιιροδιδοίσκαλον
699 3717 829 3797 φεύγειν
854 3717 950 3782 οίεσαι
974 3719 1034 3785 δεῖν
1059 3717 1105 3784 ότι
1129 3721 1310 3802 πορρωσοίτω

122 3831 191 3902 ποὺς
225 3825 257 3895 εὖ
290 3824 561 3903 πολιτευσομένους
592 3824 644 3889 καί
673 3825 718 3900 μὶν
747 3824 836 3889 οίκεῑν
860 3825 910 3888 ἐπ’
934 3827 1026 3909 αὐτῇ.
1073 3827 1162 3895 Haec
1185 3833 1314 3894 annota-

123 3935 268 4004 tiunculs
298 3937 383 4002 inter
409 3935 488 4001 duos
509 3952 662 3999 versuum
686 3932 782 3996 series
807 3931 984 4010 (columnas
1007 3935 1182 4020 appellant)
1206 3935 1313 4000 medis

123 4045 241 4110 inserta
263 4042 439 4107 scribarum
461 4060 563 4106 errore
585 4043 712 4123 receptu
735 4042 784 4102 esi
806 4039 839 4103 in
863 4046 1006 4125 terium,
1032 4041 1087 4106 sed
1108 4061 1191 4108 novo
1210 4061 1312 4106 errore

125 4170 224 4236 quum
248 4147 289 4214 sd
318 4146 500 4214 columnam
524 4147 686 4210 sinistrum
709 4145 881 4229 pertineret
903 4148 936 4210 in
960 4146 1143 4214 columnam
1168 4147 1312 4214 dextrum

124 4256 193 4322 loeo
227 4253 421 4319 alienissimo
455 4254 594 4337 irrepsit.
651 4248 737 4314 Hine
771 4251 1003 4336 quodammodo
1034 4256 1215 4320 coniectura
1244 4249 1313 4319 fieri

126 4367 229 4446 potest
249 4381 329 4446 qnae
352 4358 449 4425 suerii
470 4358 591 4424 vetusti
613 4355 689 4421 libri
713 4355 829 4434 forms,
853 4358 887 4420 in
911 4377 973 4443 quo
994 4358 1134 4443 primurn
1160 4359 1219 4425 hee
1247 4359 1313 4424 uni-

127 4465 358 4532 medversiones
381 4465 520 4531 udieeiue
544 4462 683 4528 fuerunt.
