3296 5104
713 369 755 440 61

166 555 258 649 Peg.
293 557 368 626 167.
401 559 456 626 21.
487 556 524 626 ἵν’
548 562 695 642 εὐπορῆτε
719 559 772 626 κιιί
795 560 838 626 τά
862 557 969 628 δίοιτο
993 569 1113 637 ποιῆτε.
1159 561 1328 651 Spernitur

116 669 255 750 optima
285 672 317 732 et
346 669 515 734 verissima
544 669 719 753 scriptura,
751 687 847 752 quam
878 667 975 736 habet
997 667 1020 736 S
1041 673 1077 738 in
1099 673 1265 761 margine:
1290 668 1327 736 ἰν·

119 766 220 848 άμιτ
244 775 275 837 τ’
298 775 447 855 εὐπορῆτε
470 774 537 840 κτί.

167 983 258 1073 Peg.
293 983 368 1052 168.
400 983 431 1050 6.
466 984 571 1051 πολλά
597 992 656 1052 τοίν
680 983 878 1067 πραγμάτων
901 989 955 1062 τίιν
982 989 1132 1072 ὑμετέραν
1155 992 1244 1056 ποίεί
1264 1013 1326 1056 ποι·

117 1091 254 1169 ρουσίοιν
286 1092 338 1156 κονί
371 1089 445 1157 άνεν
468 1096 521 1157 τοῦ
545 1093 616 1172 πρὸς
642 1091 712 1164 τοὺς
736 1091 861 1165 οἰκείους
884 1095 1046 1174 πολέμΟΤ
1071 1095 1167 1182 οἰκείρ
1188 1097 1323 1178 χρῆσθαι

118 1195 261 1274 δυνάμει
295 1197 494 1279 συμφίρΕΙΝ
530 1197 601 1278 (alii
635 1203 668 1264 et
702 1195 725 1262 S
757 1203 914 1264 correctus
948 1200 1129 1282 συμφέρει)
1165 1202 1217 1267 κοιί
1251 1203 1324 1282 πρὸς

119 1297 244 1368 τάλλκ
267 1303 449 1384 πράγματα
472 1300 646 1382 άνοιγκοιῖίν
670 1303 740 1372 dett.
788 1302 931 1370 Dindors.
956 1305 995 1371 de
1017 1305 1125 1373 Wolfii
1145 1309 1327 1374 coniectura

121 1409 303 1476 substituit
333 1409 516 1488 πολέμοτ(
544 1415 576 1474 et
605 1410 697 1494 qnasi
727 1429 811 1474 nunc
842 1411 950 1477 omnia
973 1416 1077 1478 essent
1100 1410 1172 1480 luce
1192 1413 1327 1480 clariora

122 1536 227 1582 nemo
250 1516 290 1580 de
313 1517 571 1603 interpretatione
595 1513 658 1580 loci
678 1513 815 1580 verbum
837 1536 940 1581 unum
958 1516 1046 1582 fecit.
1079 1517 1229 1584 Primum
1249 1521 1324 1585 scri·

123 1619 247 1686 barum
279 1641 418 1687 errorem
449 1620 684 1698 animadverte,
716 1622 772 1704 qui
803 1619 901 1686 stulte
930 1619 1004 1688 άνευ
1036 1628 1089 1689 τοῦ
1114 1659 1134 1674 -
1159 1623 1323 1703 πολίμΟΤ

124 1728 363 1792 coniunxerunt
383 1746 440 1813 pro
463 1725 536 1792 ἄνευ
560 1728 614 1791 τοῦ
640 1723 850 1806 -συμφέρειν,
891 1725 1014 1794 Deinde
1035 1749 1137 1796 errare
1155 1735 1324 1819 pergentes

124 1830 299 1915 συμφέρει
332 1834 359 1898 si
389 1831 494 1898 Musis
523 1830 628 1918 placet
656 1836 868 1896 correxerunt.
916 1830 1027 1920 Itaque
1049 1856 1133 1902 nunc
1156 1835 1228 1916 πρὸς
1252 1837 1323 1911 τοὺς

126 1939 254 2006 οἰκείους
292 1937 481 2016 ποκέμΟΤΕ
518 1937 650 2025 legitur.
694 1934 782 2002 Scire
811 1935 912 2003 velim
942 1941 1027 2024 quod
1056 1943 1099 2006 sit
1129 1941 1190 2008 hoc
1220 1963 1323 2031 genus

125 2043 207 2110 belli
230 2047 256 2110 οἰ
280 2047 380 2110 οἰκεῖοι
404 2043 551 2122 πίλεμοι,
571 2045 605 2108 in
624 2042 741 2128 quibus
752 2042 879 2126 proprio
898 2041 1004 2110 milite
1025 2044 1099 2132 (non
1109 2047 1320 2137 conducticio)

125 2171 177 2217 res
199 2153 244 2217 sit
267 2150 415 2239 gerenda
463 2150 536 2217 Non
560 2149 672 2214 dubito
696 2148 799 2214 dicere
823 2150 907 2234 quod
930 2153 1032 2217 sentio
1050 2152 1131 2218 hanc
1149 2153 1323 2220 lectionem

127 2277 195 2324 esee
226 2257 322 2343 plane
353 2257 543 2323 absurdam:
574 2257 617 2318 ad
645 2255 724 2319 dello
745 2254 873 2338 ρσυρσίσ
897 2256 1023 2340 proprio
1052 2256 1150 2322 milite
1170 2261 1320 2325 νίοιιάιιιυ.

127 2361 339 2449 Opponuntnr
358 2365 442 2428 inter
461 2383 494 2428 se
514 2364 619 2434 οἰκεῖος
640 2368 672 2426 et
693 2359 852 2441 άλλίτριος
862 2407 871 2438 ,
888 2365 926 2425 ut
937 2363 971 2426 in
982 2361 1096 2435 οἰκείως
1108 2363 1321 2445 οἰάιιλοτρίυο

128 2466 223 2550 ἔχειν.
271 2466 439 2536 Contraria
468 2472 543 2534 sunt
574 2467 681 2541 οἰκεῖος
713 2470 745 2532 et
774 2463 888 2542 ξενικάς
895 2514 905 2545 ,
937 2471 973 2532 ut
1004 2468 1100 2553 οἰκείᾳ
1134 2467 1260 2548 δυνάμει
1286 2474 1319 2536 et

127 2573 229 2658 ξενικῇ
260 2576 406 2656 mittat.
453 2573 549 2640 Venit
578 2572 662 2638 mihi
694 2571 734 2637 ad
763 2571 842 2638 haec
864 2574 899 2637 in
922 2579 1065 2639 mentem
1087 2572 1212 2659 lepidae
1234 2575 1320 2662 apud

128 2679 339 2748 Plutarchum
368 2679 568 2746 historiolae:
601 2677 799 2768 gloriabatur
829 2677 946 2762 aliquis
976 2699 1009 2744 sc
1039 2699 1097 2765 per
1127 2678 1211 2747 soloe
1236 2679 1319 2748 filios

129 2808 199 2854 suos
229 2787 430 2875 tragoediam
461 2787 572 2852 docere
601 2802 708 2870 posse:
739 2783 855 2849 habere
879 2785 966 2848 enim
989 2804 1022 2850 se
1046 2782 1150 2850 filium
1173 2791 1317 2872 potitam,

128 2893 232 2960 filium
262 2895 470 2971 histrionem,
494 2891 600 2958 hlium
623 2892 802 2966 musicum,
828 2887 933 2955 filium
956 2910 1122 2956 scenarum
1145 2894 1317 2977 pictorem:

128 3003 189 3082 ἔχω
223 3001 307 3084 γάρ,
338 3002 461 3086 inquit,
492 2997 620 3071 ποιητίιν
649 2997 754 3062 οἰκεῖον
778 2995 830 3058 κιιί
856 2997 1017 3075 άποκριτίιν
1040 2997 1145 3062 οἰκεῖον
1169 2998 1222 3063 κοοί
1246 3023 1317 3077 μου

127 3109 208 3174 atate
241 3110 348 3174 οἰκεῖον
379 3106 432 3171 κοοί
464 3101 677 3184 σκηνογράφον
710 3103 827 3166 οἰκείον.
877 3097 939 3166 (ἰυί
969 3101 1074 3167 ridens
1097 3101 1230 3189 aliquis:
1257 3105 1319 3179 ἰνίο

129 3215 172 3280 ίτι
203 3214 295 3292 μάνου
326 3235 372 3278 σοι
397 3211 535 3292 προσδεῖ,
558 3211 674 3294 inquit.
699 3243 743 3257 -
766 3209 844 3279 τίνος
869 3203 937 3283 οὗν;
962 3207 1129 3286 θεάτρου
1153 3210 1319 3277 οἰκείου.

127 3320 219 3386 Nihil
250 3324 297 3386 sic
327 3316 510 3405 proficimus
533 3315 573 3381 ad
596 3312 845 3401 intelligendum
868 3315 925 3398 qui
947 3314 1076 3379 tandem
1099 3316 1166 3380 sint
1188 3319 1318 3395 πόλεμοι

126 3429 237 3492 οἰκεῖοι.
285 3425 353 3492 Nec
382 3426 521 3500 mirum,
551 3442 628 3489 nam
654 3439 832 3505 numquam
855 3421 890 3483 in
912 3439 1021 3484 rerum
1042 3424 1156 3486 natura
1178 3421 1318 3490 fuerunt.

127 3530 294 3600 Sententia
323 3531 412 3598 affert
441 3529 565 3596 lucem:
597 3525 790 3594 vocobulum
813 3546 916 3592 unum
939 3528 1122 3612 importune
1144 3533 1320 3616 repetitum

127 3639 183 3706 hae
218 3639 330 3704 turbas
364 3636 461 3703 dedit.
507 3635 613 3722 Lege:
649 3630 723 3698 άνευ
753 3636 808 3698 τοῦ
839 3633 911 3713 πρὸς
941 3631 1012 3706 τοὺς
1044 3632 1198 3713 πολέμους
1223 3638 1319 3722 οἰκείρ

126 3746 259 3825 χρῆσθαι
293 3742 422 3820 δυνάμει
446 3743 613 3824 συμφέρειν
636 3741 689 3807 κοιί
714 3739 785 3822 πρὸς
809 3734 919 3806 τάιιλιι
944 3741 1124 3820 πράγματα
1145 3743 1320 3822 άνοιγκοιῖίν

127 3853 198 3921 ἰςιν.
224 3849 435 3937 Opponuntur
453 3849 536 3914 inter
556 3869 590 3914 se
609 3848 634 3912 οί
651 3846 781 3925 πόλεμοι
802 3851 834 3912 et
853 3840 961 3912 τάλλοι
981 3846 1319 3933 catecumenor-

126 3981 212 4044 ρυοιιι
246 3956 327 4042 qood
359 3961 402 4019 eat
436 3977 451 4018 ο
479 3977 539 4038 τερ.
577 3954 736 4018 coercitum
768 3976 803 4018 σο
833 3952 946 4018 cicitur
976 3961 1153 4019 comdentem
1177 3956 1220 4018 cd
1241 3955 1320 4020 bello

124 4065 255 4144 ρστοιιάο
272 4063 396 4138 dudm,
417 4061 506 4126 οίίοιιν
525 4061 567 4123 cd
583 4059 702 4146 reliqua
720 4059 838 4140 ποροίίο
849 4059 976 4142 publica
994 4059 1191 4126 ποσοεουτίυιιι
1210 4060 1246 4124 id
1264 4067 1317 4126 cat.

127 4169 219 4236 Nunc
243 4169 376 4234 demum
399 4169 507 4232 omnia
529 4164 622 4250 plana
645 4170 720 4231 sunt
743 4171 776 4230 et
799 4169 916 4251 aperta.

124 4457 130 4476 Ι
174 4379 326 4466 Sequitur
348 4379 374 4443 εἰ
398 4379 455 4456 μὲν
477 4379 539 4457 γάρ
563 4378 698 4460 ἡσυχίαν
723 4377 806 4460 ἔχειν
831 4379 903 4456 ὑμῖν
925 4376 1050 4458 άπίκνο
1074 4376 1126 4442 mi
1147 4379 1243 4456 μηδὲν
1259 4389 1317 4447 τῶν

131 4491 304 4562 Ελληνικῶν
328 4483 582 4568 περιερράζεσίοοι
613 4482 707 4574 [ὅπως
733 4485 815 4570 ἔχει]
842 4483 939 4558 ἄλλος
962 4483 1001 4550 ἰιν
1020 4479 1053 4558 ἦν
1074 4479 1176 4561 λάρος.
1203 4486 1318 4557 Nescio
