3356 5086
860 335 925 404 318

301 531 485 596 annotatur:
517 536 649 594 TlNec
681 528 781 610 Φασὶν
810 527 902 599 ένίους
927 525 1115 604 ἠγνοηκότας
1139 529 1174 592 τὸ
1199 523 1260 598 idea
1285 529 1338 590 τοῖο
1362 525 1508 597 ποιητοῦ

301 631 346 699 ὅτι
378 634 439 705 ἔθος
463 634 525 702 dela
549 636 631 714 αὐτῷ
657 633 719 698 απὸ
745 637 797 696 τοῦ
824 641 900 697 ΓΛΡ
926 630 1078 713 ἄρχεσθαι
1104 631 1155 696 διὰ
1179 635 1268 696 τοῦτο
1292 629 1507 695 πεπλακέναι

301 742 352 805 τὸν
375 741 474 820 rixas.
508 739 571 819 Qui
593 744 668 803 sunt
691 737 742 803 illi
766 734 864 808 reric?
888 735 1090 803 Callistratus
1114 739 1260 814 fortasse,
1285 737 1425 801 sednon
1455 735 1508 799 de

301 866 358 911 suo
381 849 427 910 ita
449 844 570 909 iudicat
593 845 647 910 sed
671 843 846 908 Aristarchi
870 843 1028 908 iudicium
1047 848 1199 928 sequitur.
1234 843 1371 908 Fallitur
1390 845 1506 908 etiam

302 950 386 1035 quod
425 949 552 1014 scribit:
597 949 689 1020 ένίους
734 947 930 1012 πεπλακέναι
969 949 1020 1014 τὸν
1054 950 1154 1028 ςέχον.
1213 947 1338 1027 Quanto
1372 948 1506 1012 melius

301 1057 499 1120 Aristonicus
521 1074 560 1117 ex
582 1052 783 1118 Aristarcho:
808 1054 965 1119 οὶθετεῖτοον
987 1057 1026 1126 ὥς
1050 1057 1083 1120 ἐκ
1108 1063 1162 1129 τῆς
1189 1053 1319 1126 Ἰλιάδος
1346 1052 1393 1140 (Β.
1419 1053 1499 1138 56).

302 1157 571 1237 μετενηνεγμένα.
605 1167 724 1235 γελοῖον
755 1159 785 1223 δὲ
816 1161 912 1223 εἰπεῖν
943 1159 995 1222 καὶ
1028 1160 1105 1247 (leg.
1139 1160 1170 1224 δέ
1202 1160 1267 1224 καὶ
1301 1161 1409 1243 εἰπεῖν)
1438 1159 1501 1224 τὸν

303 1265 332 1328 ἐν
357 1263 443 1346 λόχῳ
464 1262 702 1328 macerarem.
727 1265 921 1350 Agnoscisne
939 1266 1115 1331 Aristarchi
1137 1263 1291 1331 acumen?
1314 1265 1500 1331 Neumbra

303 1371 510 1436 dubitationis
532 1372 669 1454 supersit
692 1371 768 1434 audi
790 1370 1008 1436 Aristonicum
1031 1371 1070 1436 ad
1093 1371 1184 1436 Iliad.
1209 1383 1243 1436 B.
1269 1371 1322 1436 66.

484 1480 595 1552 κλῦτε,
620 1475 725 1556 φίλον·
751 1474 827 1546 θεῖός
850 1499 900 1552 μον
926 1476 1059 1541 ἐνύπνιον
1083 1474 1169 1552 ἦλθεν
1194 1475 1308 1556 ὄνειρος.

304 1582 318 1644 d
349 1581 506 1660 οὶςερίσκος
539 1578 584 1644 ὅτι
615 1581 645 1643 έν
676 1591 714 1662 τῇ
748 1591 768 1647 Ξ
801 1589 855 1656 τῆς
881 1581 1066 1654 Ὀδυσσείας
1090 1589 1190 1654 κακῶς
1215 1580 1355 1662 Φέρεται.
1401 1580 1494 1660 Iam,

304 1686 410 1771 oredo,
446 1685 524 1770 quid
557 1689 604 1750 rei
636 1688 680 1751 sit
714 1685 806 1751 facile
840 1685 1045 1774 intelligiiur.
1103 1688 1306 1753 Aristarchus
1340 1692 1372 1752 et
1406 1688 1495 1752 hunc

303 1813 433 1858 versum
462 1797 494 1857 ot
524 1790 662 1856 alterurn
692 1790 804 1878 Odyss.
834 1817 869 1870 μ.
902 1791 978 1858 271.
1010 1791 1167 1870 ὧβέλοσεν.
1214 1794 1286 1858 Non
1309 1797 1433 1879 poterat
1457 1813 1497 1857 aa

303 1897 389 1962 fraus
412 1897 632 1962 Aristarchum
654 1896 753 1963 latere
777 1919 873 1982 quarn
897 1919 980 1963 uuus
1004 1902 1135 1984 quisque
1159 1905 1303 1965 nostrum
1323 1905 1382 1963 reia
1405 1903 1495 1979 Φιαο-

303 2003 404 2081 adrev
427 2001 515 2067 facili
537 2005 666 2088 negotio
689 2003 920 2088 deprehendere
944 2007 1109 2089 potuisset.
1158 2001 1360 2070 Callistratus
1383 2009 1495 2068 antem

303 2107 478 2173 Aristarchi
507 2108 664 2172 iudicium
696 2115 823 2173 secutus
852 2112 985 2174 coniecit
1016 2130 1071 2174 aar
1098 2131 1209 2175 versus
1242 2109 1364 2174 alienus
1397 2110 1497 2174 luerit

302 2216 525 2299 interpositus:
566 2233 681 2298 nempe
723 2234 762 2278 ex
795 2217 993 2301 ignoratione
1035 2214 1272 2280 consuetudinis
1305 2213 1495 2279 Homericae

303 2319 365 2385 οὶπὸ
386 2324 438 2382 τοῦ
459 2327 536 2382 ΓΑΡ
559 2316 721 2398 ἄρχεσθαι.
746 2318 848 2382 Miror
867 2327 975 2383 autem
996 2319 1180 2384 Belrlrerum
1201 2325 1306 2403 spreta
1317 2319 1494 2384 Aristarchi

303 2427 458 2491 sententia
479 2425 646 2487 retinuisse
670 2422 865 2489 versiculum
889 2427 980 2507 quasi
1003 2427 1110 2489 omnia
1134 2427 1179 2489 sic
1200 2429 1320 2510 optime
1341 2426 1494 2490 haberent

304 2535 336 2595 et
357 2529 440 2594 nihil
463 2530 591 2594 omnino
613 2531 694 2593 esset
718 2525 926 2592 difficultatis.

349 2635 495 2702 'I'ertium
525 2637 559 2698 in
589 2633 690 2698 simili
719 2654 754 2698 re
784 2633 1036 2718 interpolationis
1068 2635 1252 2720 exemplum
1282 2641 1438 2722 reperitur
1459 2638 1494 2700 in

303 2741 395 2806 Iliad.
430 2749 471 2805 Ψ.
504 2739 579 2804 620.
611 2739 668 2803 ubi
696 2738 838 2804 Achilles
870 2738 909 2803 ad
939 2739 1106 2806 Nestorem
1138 2743 1172 2804 in
1203 2740 1287 2806 ludis
1310 2741 1495 2808 funebribus

304 2846 443 2912 Patrocli
465 2849 512 2910 ita
535 2845 630 2910 dicit:

812 2952 917 3030 δίδωμι
942 2952 973 3016 δέ
997 2976 1043 3016 τον
1068 2952 1131 3017 τόδ’
1158 2951 1264 3018 ἄεθλον

442 3058 560 3129 αὔτως·
585 3058 705 3136 οὐγὰρ
730 3055 793 3134 πύξ
817 3083 856 3135 γε
880 3059 1046 3139 μαχήσεαι
1070 3058 1137 3123 οὐδὲ
1161 3060 1347 3134 παλαίσεις,

441 3164 508 3230 οὐδέ
532 3165 561 3228 τ’
584 3165 745 3232 οὶνοντοςὺν
770 3164 928 3236 ἐσδύσεαι,
954 3165 1020 3231 οὐδὲ
1044 3164 1169 3230 πόδεσσι

442 3271 580 3335 θεύσεαι·
606 3268 659 3346 ἤδη
685 3269 747 3350 γαρ
771 3270 915 3351 χαλεπὸν
940 3270 1026 3334 κατὰ
1049 3276 1149 3350 γῆρας
1173 3271 1302 3348 ἐπείγεο.

435 3373 506 3450 Ὦς
531 3376 634 3441 retardo
659 3375 689 3439 έν
713 3375 803 3456 χερσὶ
827 3377 921 3441 τίθεν·
945 3372 959 3440 ὃ
985 3376 1016 3440 δὲ
1039 3375 1149 3452 δέξατο
1172 3377 1299 3455 χαίρων.

341 3480 417 3546 625.
440 3481 495 3546 καί
518 3504 570 3557 μιν
594 3481 739 3561 pendeas
762 3481 856 3546 νέπεα
879 3484 1046 3561 πτερόεντα
1071 3480 1246 3561 προσηύδα·

443 3587 521 3672 [Ναὶ
546 3588 581 3660 tt
605 3587 710 3650 ταῦτα
735 3610 774 3663 γε
799 3585 922 3662 πάντα,
950 3585 1053 3662 τέκος,
1078 3588 1162 3652 κατὰ
1186 3595 1294 3666 μοῖραν
1319 3584 1457 3673 ἔπειπερ]

441 3693 473 3757 οὐ
497 3701 574 3757 ΓΛΡ
599 3689 645 3756 ἔτ’
670 3689 792 3768 ἔμπεδον
817 3700 914 3776 γυῖα,
937 3693 1051 3774 φίλος,
1077 3692 1166 3764 πόδες
1190 3693 1250 3758 οὐδ’
1275 3690 1319 3757 ier
1342 3700 1446 3774 χεῖρες

356 3831 360 3844 ¹
441 3797 528 3875 ὤμων
550 3796 766 3879 ἀμφοτέρωθεν
791 3797 993 3863 ἐπαΐσσονται
1018 3798 1165 3880 ἐλαφραί.

350 3904 436 3970 Audi
464 3925 549 3968 nunc
578 3903 753 3968 Aristarchi
784 3891 1086 3968 annotationem'ad
1108 3925 1155 3968 vo.
1183 3903 1259 3972 627.
1286 3906 1303 3980 ἡ
1328 3904 1420 3979 διπλῆ
1446 3901 1492 3971 i'rr

305 4012 368 4077 απὸ
399 4013 452 4074 τοῦ
483 4018 562 4074 ΓΑΡ
594 4006 730 4088 ἄρχεται
762 4009 795 4072 τὸ
827 4011 999 4074 αἱτοατοκὸν
1022 4008 1189 4088 προτάξας.
1215 4007 1277 4076 Sed
1300 4009 1431 4088 Nestor,
1455 4015 1494 4075 ut

305 4121 342 4180 tu
363 4116 471 4194 vides,
495 4119 548 4179 οὐκ
572 4115 635 4179 απὸ
659 4118 712 4179 τοῦ
734 4122 811 4178 ΓΑΡ
837 4113 966 4194 ἤρξατο,
990 4116 1044 4180 sed
1068 4116 1233 4181 acerbis:

417 4219 481 4285 Nol
507 4220 541 4296 aa
566 4220 732 4297 ταῦτάγε
756 4218 885 4297 πάντα,
910 4221 1016 4296 τέκος,
1041 4223 1126 4286 κατὰ
1150 4229 1258 4302 μοῖραν
1282 4220 1404 4294 iratres.

352 4325 435 4406 Quid
457 4331 566 4393 autem
589 4331 783 4412 potestesse
806 4328 841 4391 in
863 4327 922 4393 tali
944 4348 977 4392 re
1002 4327 1180 4394 evidentius
1205 4347 1301 4413 quam
1325 4327 1492 4394 Nestorem

307 4452 453 4497 exorsum
477 4453 542 4498 esse
564 4435 614 4498 his
637 4432 763 4497 verbis:
