3406 5084
745 349 809 427 515

179 549 204 612 εῖ
229 548 292 625 γὰρ
315 545 368 612 κα)
394 545 479 611 κατὰ
502 545 606 628 μικρὸν
627 548 713 630 ἐπῄει
737 546 780 612 τοὶ
802 549 921 613 τοιαῦτ’
943 550 1025 630 αὐτῷ
1043 557 1184 634 σκοπεῖν,
1205 550 1261 616 sed
1280 547 1366 630 ἐπέρ-

178 653 278 734 χεταό
299 675 350 732 μοι
375 653 460 733 όρθοῖς
483 661 608 718 σκοπεῖν
630 655 745 721 vitiose
768 659 800 718 et
823 656 930 739 inepte
952 654 1077 720 dictum
1099 661 1156 720 est.

223 893 304 981 Peg.
330 889 406 958 575.
431 889 462 957 6.
487 895 537 956 νύν
560 890 599 958 tv
622 891 837 973 διακρούσηται
861 889 957 957 πόλιν
980 893 1075 965 αύτός
1095 893 1206 966 ἐκεῖνος
1226 886 1256 958 ὃν
1279 892 1366 970 ὑμεῖς

178 1000 225 1070 ῖτε
258 999 436 1079 γενήσεται.
483 997 520 1062 In
542 996 704 1064 nonnullis
727 997 819 1063 libris
843 1003 890 1063 est
913 998 926 1061 ό
951 999 1045 1072 αὐτὸς
1070 999 1179 1072 ἐκεῖνος
1203 999 1297 1085 idque
1320 1022 1367 1067 re·

179 1106 318 1191 quiritur
342 1104 446 1182 „idem
468 1103 523 1167 ille
546 1123 642 1187 quem
664 1103 792 1169 noetis.”
815 1124 878 1169 non
900 1103 955 1167 ι’όόο
976 1104 1048 1187 ι’ρνε.
1096 1103 1160 1170 Sed
1181 1105 1367 1171 Demosthe·

177 1230 233 1275 nes
257 1211 337 1276 eresi
360 1229 436 1275 usus
459 1213 507 1273 est
530 1208 632 1280 αὑτός.
679 1207 800 1273 Eadem
822 1211 857 1273 in
879 1209 939 1274 hoe
962 1191 1117 1277 vocabulo
1137 1215 1233 1278 cresis
1251 1212 1366 1278 multis

178 1315 257 1383 locis
279 1320 336 1381 aut
358 1318 508 1381 reet'tute
531 1320 578 1381 eet
600 1321 655 1380 eut
678 1317 883 1382 restituendo.

224 1556 305 1645 Peg.
330 1554 407 1623 575.
432 1554 485 1620 14.
509 1549 584 1619 όταν
607 1550 693 1626 σύπος
717 1553 796 1634 ἔχων
819 1555 862 1618 ποῖ
886 1555 998 1620 παιδία
1020 1554 1137 1626 τούτοις
1161 1554 1244 1632 οῖξιοῖ
1265 1557 1365 1622 δοῦναι

179 1666 233 1738 την
257 1667 364 1745 ψῆφον
388 1662 489 1744 ὑμαῖς,
512 1659 573 1726 πόθ’
597 1662 685 1738 ὑμεῖς
708 1661 778 1732 τοὺς
803 1659 910 1736 νόμους
934 1658 1049 1740 ἔχοντά
1072 1685 1113 1739 με
1133 1663 1261 1737 πλησόον
1282 1666 1368 1741 ἡγεῖ-

180 1772 231 1834 σθε
256 1765 428 1848 παρεςύναι
453 1766 520 1850 [καὶ
544 1767 595 1831 τόν
619 1763 701 1844 όρκον
725 1757 755 1829 όν
780 1763 980 1848 ὀμωμόκατε]
1004 1766 1122 1840 τούτοις
1142 1767 1288 1843 θξισῦνπα
1312 1771 1365 1836 καὶ

180 1874 406 1952 ύντιβολοῠντα
438 1869 546 1940 ἕκατον
577 1872 661 1948 ὑμῶν
695 1870 907 1950 ψηφίσασθαι.
942 1867 985 1942 οῖς
1020 1872 1108 1949 ὑμεῖς
1144 1875 1229 1938 κατὰ
1260 1876 1367 1941 πολλοὶ

180 1980 363 2060 δικαιότερον
393 1976 559 2058 πρόσθοισθ’
591 1976 627 2040 ἂν
659 1975 676 2051 ἢ
706 1975 812 2056 τούτῳ.
846 1977 985 2044 adhaec
1008 1977 1291 2059 Βο5τεευε;,,,καὶ
1314 1985 1366 2048 τὸν

180 2089 262 2172 ὅρκον
294 2079 324 2151 ὃν
356 2081 542 2162 ὀμωμόκατε
568 2083 728 2168 mantfieto
751 2083 907 2148 delenda.”
953 2082 1165 2149 Verissimum
1187 2107 1240 2150 me
1263 2087 1367 2155 iudice

180 2198 215 2264 id
247 2200 307 2262 est.
353 2191 581 2257 Demosthenes
612 2189 734 2254 adstare
761 2193 907 2273 poterant
929 2188 1018 2276 leges
1040 2192 1075 2254 in
1097 2187 1214 2256 Codice
1237 2194 1369 2277 scriptas

180 2301 330 2368 menibus
352 2303 479 2375 tenens,
506 2293 585 2374 ἔχων
611 2294 681 2368 τοὺς
702 2292 827 2373 νόμους,
848 2294 902 2359 sed
922 2295 1164 2380 iusiurandum,
1184 2297 1268 2381 quod
1286 2298 1369 2363 iudi·

181 2429 232 2476 σεε
263 2405 430 2482 dederant,
466 2401 615 2468 menibus
649 2405 755 2466 tenere
788 2420 851 2466 non
885 2406 1017 2485 poteret.
1066 2399 1179 2466 Omnia
1213 2403 1254 2467 ed
1287 2404 1370 2471 solae

180 2511 481 2602 legesrefenmtu1;
505 2505 621 2580 τούτοις
645 2506 864 2588 ψηφόσασθαι,
889 2505 924 2571 id
947 2512 995 2572 eet
1017 2513 1079 2580 τοῖς
1104 2505 1202 2583 νόμοις
1225 2511 1370 2594 ψηφόσα-

181 2624 271 2698 σθαι,
303 2611 345 2690 οἷς
375 2615 462 2694 ὑμεῖς
493 2611 660 2694 πρόσθοισθ’
691 2611 744 2690 ἄν,
776 2613 811 2677 id
841 2618 889 2677 eet
918 2619 981 2683 τοῖς
1004 2612 1103 2690 νόμοις
1128 2613 1296 2692 πρόσθοισθ’
1319 2615 1368 2684 σ’ῖν.

181 2725 288 2792 Etiam
320 2743 399 2809 quae
427 2723 602 2806 sequuntur
623 2721 730 2785 omnin
751 2719 789 2784 de
813 2717 889 2784 eolis
912 2717 1039 2806 legibue
1062 2717 1224 2784 dicuntur:
1248 2722 1368 2801 όμωμύ-

181 2855 259 2896 κατε
290 2837 354 2901 τοῖς
387 2827 486 2902 νόμοις
519 2825 688 2890 πείθεσθαι
718 2823 772 2888 καῖ
803 2831 862 2888 τῶν
886 2823 956 2888 ῖσων
979 2822 1104 2901 μέτεςιν
1128 2824 1199 2902 ύμῖν
1223 2825 1273 2890 διὰ
1297 2829 1368 2902 τοὺς

180 2937 289 3014 νόμους
312 2933 365 2999 καὶ
390 2931 480 2997 πάνθ’
503 2927 548 2996 ὅτ’
571 2932 632 2999 ἐπὶν
655 2931 765 3009 οῖγαθθι
791 2929 862 3008 ύμῖν
884 2928 937 2993 διὰ
959 2931 1030 3001 τοὺς
1055 2929 1161 3008 νόμους
1185 2931 1257 3000 ε’ςόν.
1304 2935 1369 3001 Ad-

181 3043 292 3127 seripei
321 3040 398 3105 haee
427 3044 466 3103 ut
499 3037 654 3102 mendum
686 3039 885 3102 eximerem.'
918 3035 1103 3100 Absurdum
1138 3043 1186 3102 est
1220 3038 1367 3117 όμύμοκα

180 3155 244 3219 τοῖς
277 3145 377 3223 νόμοις
408 3142 565 3210 πείθεσθαι
594 3143 665 3207 dedi
695 3143 906 3206 iusiurandum
935 3164 980 3205 me
1002 3141 1115 3222 όερίόυε
1136 3161 1274 3222 Ρεελεε,
1300 3148 1367 3213 imo

181 3273 256 3320 vero
272 3252 464 3336 pariturum,
489 3268 566 3335 ergo
590 3248 723 3313 emenda
746 3248 919 3312 πεύθεσθαι.

227 3488 307 3576 Peg.
342 3486 417 3555 575.
453 3485 507 3553 28.
538 3487 577 3552 εῖ.
596 3485 697 3564 μέντοι
720 3485 815 3566 ῥήτωρ
838 3484 900 3553 ἒτὶν
923 3481 998 3554 οἴους
1022 3483 1114 3556 ε’νόσυς
1138 3491 1196 3549 τῶν
1216 3485 1371 3564 λεγόντων

182 3597 242 3674 ἐγὼ
273 3593 327 3658 καῖ
352 3593 440 3670 ὑμεῖς
463 3595 494 3658 δὲ
518 3595 627 3674 ύροῖτε,
648 3591 784 3665 οῖναιδεῖς
810 3592 861 3656 καῖ
887 3593 962 3672 Ὑφ’
987 3591 1069 3668 ὑμῶν
1091 3592 1368 3675 πεπλουτηκότας,

182 3703 235 3765 ούκ
258 3699 297 3767 σίν
316 3698 379 3775 εῖην
405 3695 489 3772 ούτσς
514 3697 586 3778 ἐγύ.
632 3697 776 3786 Intelligi
798 3717 861 3762 non
883 3702 987 3783 potest
1010 3700 1042 3761 et
1060 3695 1142 3761 nihil
1162 3703 1209 3761 eet
1225 3710 1370 3766 πλουτεῖν

182 3811 279 3872 'Tuo
315 3830 402 3880 τινος.
450 3805 537 3892 Lege
570 3807 647 3869 'Ao'
683 3805 764 3881 ὑμῶν
795 3802 1052 3879 πεπλουτηκότας
1086 3809 1118 3867 et
1149 3802 1296 3892 intellige
1322 3807 1365 3871 τῖε

182 3913 268 3979 κοινοὶ
298 3910 504 3994 κεκλοφότος.
535 3911 575 3975 cf.
600 3930 674 3998 peg.
703 3909 778 3978 739.
801 3909 856 3976 20.
880 3911 905 3975 οῖ
929 3912 1047 3992 ῥήτορες
1071 3912 1124 3974 ούκ
1148 3911 1314 3987 οῖγαπύσιν
1336 3915 1370 3978 ἐκ

184 4019 319 4094 πενήτων
343 4017 479 4084 πλούσιοι
503 4019 603 4082 'Alio
628 4025 684 4092 της
708 4016 826 4088 πόλεως
849 4015 1036 4095 γιγνόμενοι.

229 4241 310 4329 Peg.
332 4239 407 4308 576.
431 4239 482 4304 10.
502 4241 595 4316 ἔγνων
615 4239 667 4304 καὶ
686 4237 790 4317 λέγειν
812 4238 864 4302 καῖ
886 4234 1033 4318 πρότπειν
1053 4233 1071 4302 θ’
1088 4263 1118 4302 τι
1135 4237 1173 4303 οἰν
1185 4241 1372 4323 συμΦθρΟΝ

110 4401 112 4406 ,
186 4349 258 4426 ὑμῖν
289 4350 423 4427 ἡγῶμαι.
479 4344 605 4412 Revoca
637 4366 747 4413 veram
780 4343 950 4410 lectionem
985 4365 1024 4409 ex
1058 4342 1128 4409 loco
1162 4349 1269 4414 vicino
1299 4373 1373 4440 pag.

189 4453 265 4522 575.
290 4453 346 4520 25.
371 4451 589 4531 συμβουλεύων
613 4447 632 4516 θ’
653 4476 684 4518 τι
709 4451 747 4518 ἂν
771 4449 969 4533 συμφόρΕΙΝ
994 4450 1065 4528 ύμῖν
1090 4451 1216 4528 ἡγῆται.
