3356 5084
873 323 939 394 472

306 509 458 590 ποσαθσην
482 513 574 595 ῖσχδν
599 511 683 595 ἔχει,
703 511 784 589 ’ἦπου
807 513 878 580 πθτε
903 513 1056 596 ὑπερφυές
1079 537 1110 578 σι
1134 512 1186 578 καὶ
1211 511 1302 579 δεινδν
1326 519 1441 593 χρῆμα
1462 501 1497 585 ἦν

305 616 357 683 ἐπὶ
383 622 441 686 τῶν
464 621 575 686 ἐκείνου
599 619 710 698 λόγον.
734 641 792 686 000
814 623 922 686 minus
943 623 1072 709 egregie
1095 623 1130 686 in
1150 621 1283 687 eandem
1302 619 1497 685 sententiam

303 744 379 814 pag.
415 725 513 792 1118.
539 727 619 802 αὐτὴ
641 728 704 807 νάρ
729 729 746 801 ἡ
770 727 852 802 λέξις
874 725 1009 792 διδάσκει
1034 728 1104 800 τοὺς
1129 724 1260 807 ἔχοντας
1282 728 1391 806 ψυχὴν
1414 723 1499 790 εὐκέ-

324 856 393 908 ηπον
416 832 485 910 μεθ’
509 831 575 907 οἵας
594 841 649 908 πνῖς
674 833 855 915 ὑποκρίσεως
875 833 1054 914 ἐκφέρεσθαι
1076 833 1175 906 δεήσει
1182 881 1191 910 ,
1213 837 1245 898 et
1265 831 1372 898 allatis
1392 851 1499 896 exem-

307 937 370 1023 plis
394 939 551 1007 exclamat
573 961 646 1028 pag.
668 937 766 1005 1121.
791 943 896 1004 ποιῖιπα
916 942 949 1006 οὐ
969 939 1119 1023 κασαβορῖ
1142 938 1218 1028 (leg.
1240 941 1293 1005 οὐκ
1314 938 1399 1004 αὐτοὶ
1420 937 1497 1024 βοᾷ)

307 1051 370 1117 πῶς
400 1033 500 1110 αὐσά
517 1045 565 1110 δεῖ
589 1045 737 1122 λέγεσθαι
770 1045 859 1121 μόνον
881 1047 914 1111 οὐ
939 1048 1041 1126 φωνὴν
1064 1043 1218 1126 ἀφιέντας
1242 1050 1274 1110 et
1297 1043 1499 1110 inflammato

307 1152 415 1219 animo
433 1151 541 1218 locum
561 1152 611 1217 his
635 1151 741 1219 verbis
765 1151 943 1218 concludit:
968 1153 1021 1216 οὐκ
1045 1149 1139 1219 ένεςιν
1158 1149 1277 1228 ἀλθνον
1296 1149 1369 1233 ζῴου
1390 1151 1500 1230 ψυχὴν

227 1311 234 1322 .
307 1253 442 1336 ἔχοντα,
466 1262 590 1335 μᾶλλον
608 1257 641 1323 u
659 1256 743 1323 λίθου
763 1257 859 1340 φύσιν
878 1257 988 1337 νοθράν
1009 1256 1191 1330 ἀναίσθητον
1210 1255 1352 1331 ἀκένηπον
1371 1257 1499 1338 ἀπαθεῖ,

307 1364 361 1437 τὴν
404 1364 612 1441 Δημοσθένους
652 1361 854 1445 προφέρεσθαι
888 1360 981 1438 λέξιν.
1039 1361 1093 1428 Sic
1127 1364 1230 1450 igitur
1262 1361 1418 1450 legendus
1452 1366 1500 1426 est

306 1467 536 1536 Demosthenes
568 1465 630 1541 θςις
655 1467 722 1551 ἔχει
747 1470 853 1548 ψυχὴν
880 1468 1032 1541 εὐκίνητοι
1056 1473 1089 1534 et
1111 1489 1208 1554 quam
1231 1470 1300 1534 vim
1324 1467 1359 1532 id
1381 1467 1500 1533 habeat

306 1575 346 1639 ed
368 1577 551 1642 interiorem
575 1573 716 1641 Oratoris
738 1574 989 1662 intelligentiam
1013 1576 1084 1660 quis
1106 1593 1170 1638 non
1191 1569 1299 1640 videti

350 1679 525 1767 Postquam
546 1681 623 1748 haec
642 1682 817 1768 Dionysius
837 1682 963 1767 scripsit
986 1673 1191 1768 undeuiginti
1215 1678 1340 1744 saecule
1360 1683 1499 1764 praeter·

306 1788 430 1872 ierunt,
461 1793 494 1852 et
524 1793 632 1853 temen
662 1787 740 1853 haee
770 1786 873 1853 veluti
904 1788 938 1851 in
959 1792 1066 1854 nostra
1089 1791 1233 1872 tempora
1257 1787 1374 1871 scripta
1397 1784 1498 1850 edmi-

308 1893 444 1960 rabundi
465 1893 615 1981 legimns.

352 2100 432 2190 Peg.
466 2099 543 2167 138.
575 2099 630 2168 27.
663 2101 695 2166 οὐ
719 2103 780 2178 μὴν
803 2102 878 2165 ἀλλ’
901 2099 970 2181 ἔχει
993 2098 1063 2164 πινά
1087 2099 1256 2182 πρθφασιν.
1303 2099 1432 2168 Revoca
1458 2121 1499 2166 ex

307 2208 456 2286 omnibus
478 2207 570 2275 libris
589 2213 714 2293 praeter
737 2227 840 2272 unum
863 2206 885 2272 S
909 2205 978 2288 ἔχει
1002 2215 1054 2270 re
1075 2229 1156 2272 τινα.
1200 2205 1303 2302 ⁴Snepe
1325 2207 1395 2273 vidi
1417 2210 1453 2272 in
1475 2205 1499 2271 S

306 2315 519 2379 necessarium
550 2338 590 2391 γε
621 2315 727 2379 0οιιοί0
758 2312 915 2398 quomodo
945 2311 1154 2377 intercidisse.
1201 2311 1250 2377 iix
1280 2311 1395 2378 multis
1418 2311 1498 2378 locis

305 2419 458 2503 pauculos
480 2418 637 2485 indicabo.
682 2417 852 2506 Vid.,peg.
877 2413 954 2484 602.
978 2416 1041 2502 26,
1066 2416 1143 2482 606.
1169 2415 1208 2503 6,
1232 2416 1308 2483 613.
1334 2417 1392 2496 10,
1420 2417 1497 2484 686.

307 2522 361 2590 27.
419 2523 504 2590 Satis
540 2531 649 2590 entem
688 2526 772 2590 inter
801 2543 911 2590 omnes
940 2529 1062 2590 0000000
1094 2523 1195 2590 καίτοι
1228 2561 1248 2574 -
1261 2549 1320 2604 γε,
1354 2524 1408 2590 καὶ
1436 2527 1497 2604 μην

307 2655 396 2710 -ρε,
429 2633 462 2696 οὐ
487 2633 548 2710 μὴν
581 2655 669 2708 -νε,
702 2631 777 2695 ἀλλ’
809 2625 858 2695 οὖν
889 2654 962 2709 -νε
992 2635 1171 2698 constanter
1202 2630 1265 2696 diei
1295 2629 1424 2720 00100οᾖΔ
1443 2631 1497 2698 sed

306 2738 431 2822 saepius
453 2737 487 2802 in
509 2736 601 2802 libris
624 2761 663 2816 γε
687 2742 743 2802 aut
766 2739 983 2823 transponitur
1005 2742 1061 2802 aut
1083 2736 1177 2822 plane
1200 2738 1370 2826 omittitur.

352 2944 433 3034 Peg.
468 2945 545 3012 142.
572 2945 604 3012 9.
628 2947 697 3020 ποὺς
721 2946 779 3024 μὲν
800 2945 898 3013 σαῖνον
921 2943 1063 3028 εὐπόρους
1088 2946 1154 3011 -οὐ
1176 2945 1266 3024 μόνον
1291 2947 1431 3027 ἡγοῦμαι
1453 2947 1495 3013 rei

307 3051 412 3116 δι’καια
444 3059 538 3118 ποιεῖν
571 3051 654 3136 [ἀν],
687 3051 775 3116 ἀλλά
807 3051 861 3117 κα1
885 3052 927 3118 πά
951 3059 1109 3126 λυσιτελῆ.
1156 3050 1310 3119 Voculam
1334 3052 1373 3118 ἀν
1393 3052 1495 3120 alieno

305 3157 375 3223 loeo
398 3161 535 3244 positam
560 3158 582 3225 S
606 3160 740 3225 omittit.
788 3159 931 3226 Emensis
954 3158 995 3224 σά
1018 3159 1111 3225 δίκαι’
1131 3155 1209 3224 *ΑΝ
1232 3168 1338 3226 ποιεῖν.
1374 3159 1496 3226 Scribe·

305 3263 400 3328 batur
425 3253 799 3332 TAAIKAIXHOIGIN.
846 3264 947 3351 Saepe
979 3263 1018 3330 ἀν
1049 3265 1186 3351 excidit,
1218 3287 1310 3351 saepe
1337 3285 1495 3332 scorrec

305 3374 373 3435 tore
404 3391 421 3436 e
451 3371 529 3458 fuga
558 3371 751 3451 retrahitur,
785 3371 840 3437 sed
869 3373 1022 3457 recipitur
1050 3372 1115 3436 fere
1144 3373 1179 3436 in
1209 3370 1347 3437 alienam
1377 3372 1494 3438 sedem.

303 3474 383 3564 Peg.
410 3472 484 3542 136.
510 3475 563 3541 11.
586 3479 621 3541 in
642 3477 734 3542 libris
757 3482 822 3543 est:
848 3477 901 3542 οὐκ
924 3475 1157 3558 ἀνηρπασμένος
1176 3475 1215 3542 ἀν
1242 3473 1275 3552 ἦν
1303 3477 1317 3542 θ
1345 3477 1493 3559 νράψαςς

304 3581 403 3648 Recte
433 3582 472 3648 S:
505 3583 557 3648 οὐκ
589 3581 627 3648 ἀν
656 3582 888 3665 ἀνηρπασμένος
913 3581 959 3662 ἦν,
984 3603 1061 3649 nam
1083 3583 1138 3648 οὐκ
1161 3583 1310 3656 voculam
1334 3581 1372 3648 ἀν
1396 3585 1495 3650 trahit

304 3687 344 3754 ad
372 3711 449 3756 sese.
495 3688 575 3777 Peg.
610 3687 686 3754 130.
723 3687 776 3755 10.
807 3689 908 3768 οῖορααι
940 3690 992 3755 καὶ
1018 3693 1069 3753 νῦν
1092 3687 1137 3754 ἔτι
1162 3691 1399 3773 ἐπανορθωθῆναι
1424 3688 1489 3777 [ἀν]

303 3793 345 3858 σά
370 3793 562 3876 πράνμασα.
607 3794 686 3883 Leg.
711 3795 783 3863 κάν
807 3802 859 3862 νῦν
883 3795 928 3863 ἔπι
951 3795 1055 3862 deleto
1079 3816 1123 3881 sq.
1150 3793 1198 3862 ἀν.

347 4003 428 4095 Peg.
453 4003 527 4072 362.
555 4003 609 4072 23.
634 4011 697 4080 πῶς
722 4007 785 4087 νάρ
808 4007 869 4087 οὐχ
892 4001 970 4071 οὗτοι
995 4009 1122 4072 ποιοῦσαι
1146 4005 1269 4080 δικαέιος
1289 4005 1491 4091 ὑποληφθεῖεν

303 4109 359 4196 ἀν;
383 4111 529 4198 Repone:
554 4118 617 4184 πῶς
641 4112 704 4194 νάρ
729 4112 767 4178 ἀν
793 4150 834 4162 -
861 4113 1082 4197 ὑποληφθεῖεν;
1105 4133 1182 4178 nam
1205 4111 1267 4193 νάρ
1291 4133 1416 4200 qnoque
1438 4134 1492 4180 ro-

301 4217 391 4284 culee
421 4216 459 4283 ἀν
491 4224 538 4285 est
568 4215 762 4301 ἑφελκτικθν.
809 4217 929 4284 Eadem
965 4223 1013 4284 est
1046 4221 1128 4285 ratio
1162 4221 1197 4285 in
1231 4218 1290 4285 κάν
1324 4218 1390 4308 (καὶ
1424 4217 1490 4302 ἀν),

301 4323 385 4409 quod
415 4345 506 4410 saepe
536 4327 644 4391 vitiari
676 4324 772 4403 solet,
806 4329 844 4389 ut
873 4345 947 4412 pag.
982 4322 1061 4391 593.
1095 4323 1147 4390 10.
1182 4321 1204 4390 ἀ
1236 4325 1289 4392 καὶ
1320 4325 1424 4405 λέγειν
1452 4325 1490 4392 ἀν

299 4429 434 4507 θκιιθσειέ
457 4456 524 4511 πις,
548 4452 605 4520 pro
628 4428 650 4496 ἀ
675 4431 733 4498 κάν
755 4429 860 4511 λέγειν
885 4430 1020 4507 θκνθσειέ
1043 4455 1101 4505 τις.

439 4731 464 4770 ι’
