3348 5086
876 335 943 406 402

315 525 478 605 sanantur,
501 525 609 615 relego
632 531 664 592 et
687 526 859 617 diligenter
878 528 986 593 omnia
1006 526 1187 610 concidero,
1207 546 1244 592 eo
1262 528 1370 615 magia
1386 529 1512 616 magia

316 652 376 716 que
410 632 493 698 mihi
526 632 730 700 confirmatur
764 635 922 700 sententia
956 653 1084 710 eorum,
1121 635 1178 718 qui
1212 633 1289 700 haec
1324 655 1387 700 non
1415 638 1515 700 uninn

316 739 416 803 ἀοιδοῦ
447 743 588 805 ommino
619 761 685 806 enee
713 739 926 823 arbitrantur,
957 739 1013 804 aed
1043 759 1062 803 a
1089 737 1308 824 compluribus
1329 741 1515 806 cantoribus

315 864 417 931 neque
439 848 554 911 aetatis
576 845 719 911 eiusdem
741 866 843 930 neque
864 847 987 930 patriae
1012 845 1055 916 εἷς
1079 845 1134 918 τήν
1155 846 1252 920 cirta
1272 844 1412 911 ὑπόδεσιν
1431 845 1514 912 olim

317 954 493 1036 composita
520 957 552 1018 et
582 956 708 1018 cantata
735 952 848 1018 unse:
874 951 987 1017 deinde
1009 953 1044 1015 in
1066 971 1170 1018 unum
1193 951 1325 1018 collecta
1348 957 1381 1018 et
1402 953 1514 1019 ordino

315 1055 469 1142 disposita
492 1063 530 1123 ut
553 1059 595 1130 cir
620 1049 650 1122 ἓν
673 1056 830 1135 σοιμάσιον
855 1057 1076 1124 coalescerent.

358 1162 425 1228 Diu
456 1164 662 1249 multumque
690 1163 863 1231 Homerica
893 1167 1034 1230 earmina
1064 1162 1238 1229 lectitando
1262 1164 1512 1250 meditandoque

316 1267 376 1334 hoc
410 1269 540 1354 quidem
575 1273 652 1335 satia
686 1270 771 1355 apud
800 1290 853 1334 me
882 1274 1020 1344 conatat,
1050 1290 1113 1335 non
1146 1268 1279 1334 eandem
1310 1272 1344 1334 in
1378 1270 1514 1336 diversis

318 1375 428 1447 ἀοιδοῖς
459 1377 618 1460 poeticam
647 1375 855 1460 facultatem,
877 1396 941 1441 non
964 1375 1051 1440 idem
1073 1377 1260 1462 ingenium,
1284 1396 1347 1442 non
1368 1382 1514 1441 mentem

318 1480 527 1566 diviniorem,
556 1503 618 1548 non
641 1503 675 1548 oa
698 1503 818 1570 magna
843 1487 1031 1548 conaturum
1053 1481 1162 1548 fuisse.
1209 1481 1322 1546 haunt
1344 1504 1425 1568 quae
1447 1485 1515 1547 exi·

317 1589 404 1651 miua
435 1591 468 1652 et
497 1608 643 1654 summus
674 1592 767 1674 potita
797 1591 926 1674 panxit,
950 1590 1060 1652 insunt
1083 1608 1164 1675 quae
1186 1592 1297 1673 podiae
1317 1588 1511 1666 mediocres,

317 1693 426 1757 insunt
458 1714 537 1778 quae
568 1693 795 1761 versificatores
825 1697 954 1782 minimi
983 1697 1078 1780 pretii
1103 1694 1319 1761 conflaverunt
1342 1695 1415 1760 rudi
1437 1697 1514 1760 arti-

317 1795 389 1863 ficio
410 1796 542 1864 lacinias
565 1800 719 1885 quaedam
744 1807 776 1866 et
800 1806 947 1867 centones
970 1799 1157 1866 Homericos
1176 1805 1388 1868 contexentes.
1411 1799 1513 1888 Saepe

318 1904 411 1972 video
430 1925 511 1990 quae
529 1926 677 1972 summus
697 1909 876 1972 carminum
899 1907 1013 1973 artifex
1027 1906 1319 1992 praeclarissimum
1331 1911 1365 1972 in
1376 1909 1512 1974 modum

318 2013 430 2097 panxit
453 2031 490 2077 ea
513 2011 592 2077 alios
615 2012 790 2078 mediocres
814 2017 922 2099 poitur
946 2016 1093 2078 certatim
1119 2016 1154 2079 in
1176 2035 1245 2079 rem
1269 2034 1360 2080 auam
1383 2035 1511 2081 conver·

319 2120 397 2186 tinae
418 2123 450 2183 et
473 2118 629 2184 imitando
653 2121 852 2204 expressisse.
898 2118 1044 2185 Proferre
1066 2119 1157 2185 lubet
1180 2141 1283 2185 unum
1303 2121 1514 2187 memorabile

318 2225 416 2290 huius
446 2226 493 2289 rei
527 2225 711 2310 exemplum
744 2231 777 2291 et
810 2225 1048 2292 documentum.
1096 2223 1260 2292 Cocinerat
1295 2230 1445 2314 antiquus
1479 2233 1514 2294 et

319 2328 497 2415 praeclarus
521 2329 618 2403 ἀοιδός
644 2341 679 2396 Ζ.
703 2329 779 2397 490.

454 2437 530 2506 ἀλλ’
554 2435 584 2508 ἐς
608 2443 699 2503 roiate
722 2439 809 2504 ἱοῖισοο
834 2439 876 2504 πά
900 2439 929 2503 σ’
954 2440 1051 2512 αὐτῆς
1075 2436 1167 2519 rem
1194 2438 1321 2522 κομόζε,

454 2539 518 2612 όςόν
542 2544 571 2606 π’
595 2541 757 2619 ήλοοιοάσήν
779 2568 815 2609 πε
840 2544 892 2610 καὶ
916 2545 1124 2628 ἀμφιπόλοισι
1149 2544 1255 2611 κέλευε

455 2644 555 2726 ιόρνον
579 2647 779 2730 ἕποι’χεσόοιι·
800 2649 937 2730 πόλεμος
961 2651 989 2716 δ’
1012 2649 1150 2732 ἄνδρεσσι
1175 2653 1306 2728 μελήσει

456 2757 553 2832 πᾶσι,
578 2754 703 2832 μᾶλιςοο
728 2756 755 2821 δ’
780 2757 861 2836 ἐμοό,
889 2758 933 2822 roi
958 2757 1037 2839 ιιλόιρ
1063 2757 1271 2837 ἐνγεγᾶοοσιν.

319 2860 394 2925 hinc
417 2863 611 2947 prognatum
636 2867 683 2927 eat
707 2861 766 2928 Od.
790 2888 822 2928 οι.
849 2861 937 2928 356.-

456 2965 531 3030 ἀλλ’
555 2967 584 3039 ἐς
610 2974 701 3033 εοῖκον
726 2969 814 3034 ἰοῦσαι
839 2971 882 3034 πά
906 2968 934 3034 o'
958 2971 1054 3042 οιόπής
1078 2968 1171 3050 rippa
1195 2969 1321 3051 κόμιζε,

457 3069 521 3141 ἱςόν
544 3072 574 3136 τ’
599 3075 759 3150 ήλοικάπιρν
782 3101 817 3141 τε
842 3076 895 3140 xci
919 3076 1129 3158 ἀμφιπόλοισι
1155 3077 1261 3142 κε’λενε

455 3178 555 3257 τόρνον
580 3179 772 3260 ἐποίχεσθαι.
795 3191 949 3248 ΜΤΘΟΟ
974 3183 1002 3250 δ’
1027 3181 1165 3264 ἄνδρεσσι
1189 3183 1320 3262 μελήσει

456 3288 552 3359 πᾶοι,
576 3285 700 3364 μάλιςοο
724 3287 748 3353 δ’
773 3288 858 3368 raet,
882 3294 936 3354 ποῦ
960 3289 1025 3370 γάρ
1049 3289 1157 3368 κρότος
1182 3289 1227 3358 ἔξ
1252 3289 1292 3354 ἐν)
1317 3290 1409 3370 ιοόκιρ.

321 3389 490 3474 (110(1.φ.
511 3388 589 3456 350.

455 3495 533 3562 ἀλλ’
558 3498 588 3570 ἐς
613 3507 703 3565 rotae
727 3499 813 3565 ἷοῢσοι
837 3500 880 3565 τᾶ
903 3502 932 3564 ν’
956 3501 1054 3575 adroic
1079 3498 1171 3580 εέργοο
1195 3498 1320 3582 κόμιζε,

457 3602 521 3671 tcto
544 3606 574 3668 τ’
600 3604 761 3680 ήλοοκᾶπιρν
784 3630 820 3670 σε
843 3605 896 3671 eet
921 3606 1128 3689 ἀμφιπόλοισι
1152 3605 1259 3672 κε’λενε

456 3709 554 3788 ιόργον
579 3711 769 3792 ἔποόχεσόοοι.
795 3721 945 3781 ΤΟΞΟΝ
969 3712 998 3780 δ’
1022 3711 1162 3794 ἄνδρεσσι
1186 3711 1316 3790 μελήσει

458 3820 555 3890 πᾶσι,
579 3817 705 3894 μᾶλιςοο
728 3819 756 3883 δ’
780 3819 850 3898 ἐμοί
857 3868 866 3898 ,
891 3825 944 3885 τοῦ
969 3821 1033 3901 pap
1057 3819 1167 3901 κρότος
1191 3817 1235 3888 ἔς’
1259 3820 1300 3884 ot
1323 3819 1417 3902 εοιίνιρ.

321 3926 354 3989 et
373 3920 432 3987 od.
451 3935 482 3986 λ.
505 3919 584 3988 352.

796 4071 800 4079 ·
919 4033 1029 4109 πομπή
1055 4032 1081 4096 δ’
1104 4029 1245 4112 ἄνδρεσσι
1268 4033 1399 4110 μελήσει

457 4137 550 4209 πάσι,
574 4133 700 4212 μᾶλιςοο
723 4134 751 4199 δ’
777 4136 861 4214 ἒμοό,
887 4141 940 4202 ποῦ
964 4138 1027 4218 γὰρ
1053 4136 1162 4217 ιιρᾶσος
1188 4135 1233 4206 tc·
1257 4140 1298 4205 ε’ν1
1323 4141 1420 4220 δήμῳ.

368 4239 489 4304 Suntne
512 4240 589 4307 haec
612 4243 708 4306 unius
731 4245 763 4307 et
786 4243 929 4308 eiusdem
948 4241 1071 4309 ἀοιδοῦ1
1094 4247 1132 4316 ὡς
1156 4241 1266 4317 ἕκοοςοο
1286 4247 1395 4311 ἐοιντόν
1416 4248 1513 4313 πεόόει

324 4344 415 4419 οὕτως
449 4345 563 4428 ἐχέτω,
597 4348 735 4433 namq'uc
763 4348 854 4414 nulla
885 4353 933 4414 eat
963 4353 997 4414 in
1019 4350 1070 4416 his
1094 4350 1288 4430 πειόοονᾶγιιή
1311 4373 1413 4439 neque
1436 4355 1513 4419 ἀπο·

324 4451 450 4532 δείξεις,
474 4454 529 4520 sed
551 4455 634 4520 mihi
657 4454 787 4542 quidem
808 4455 844 4520 hi
865 4476 976 4525 versun
995 4459 1030 4524 in
1053 4456 1146 4525 Iliad.
1173 4467 1207 4524 Z.
1233 4459 1300 4524 acti
1318 4480 1385 4526 osae
1402 4459 1512 4528 viden-
