3296 5104
668 317 734 456 '35

101 579 240 644 absurdo
273 578 353 654 diei,
386 596 449 642 non
472 576 693 642 dubitabimus
714 577 812 644 verba
835 577 888 643 καὶ
912 587 1094 662 κατηγορίαι
1117 582 1198 646 vitio
1221 585 1296 644 nata

100 705 170 750 nna
192 683 292 749 litura
315 682 430 748 delere.

149 896 231 984 Pag.
258 893 334 960 130.
356 893 574 972 6.·ἀγαπιιτθν
593 895 657 975 γάρ
678 897 731 962 ε’άν
751 897 839 961 αὐτοὶ
860 896 1014 978 σώζωνται
1034 897 1146 963 τούτων
1159 895 1294 966 ἕκτοι-01·

101 1002 181 1066 ἀλλ’
214 1003 284 1077 ὑμῖν
315 1003 405 1065 τοῦτο
438 1000 598 1080 πρακτέον.
647 1000 791 1067 Litarula
820 1002 928 1069 addita
957 1003 1158 1069 scribendum
1181 1004 1295 1068 τούτων

102 1106 276 1182 ἑκάς-016,
299 1107 335 1171 id
359 1111 407 1171 est
430 1105 544 1171 τοθτων
568 1105 696 1178 ἑκάςους
721 1108 855 1184 ἀγαπᾶν
875 1107 923 1172 δεῖ
941 1108 993 1173 ἐάν
1015 1109 1101 1172 αὐτοὶ
1124 1109 1277 1190 σώζωνται
1285 1157 1294 1186 ,

100 1216 208 1277 horum
231 1212 364 1292 σοίοριιθοο
386 1213 414 1276 ai
437 1213 497 1296 ipsi
518 1212 597 1276 sobri
619 1213 681 1277 aiut
696 1214 856 1296 praeclare
879 1236 974 1277 recum
997 1220 1093 1277 actum
1116 1236 1177 1278 εοιο
1194 1214 1295 1277 eristi-

101 1341 187 1384 νιιοτο
215 1324 346 1401 oportet,
376 1322 414 1382 ut
444 1338 518 1405 pag.
554 1314 629 1383 175.
664 1317 717 1383 14.
749 1317 917 1395 ἀγαπήτθν
947 1315 979 1395 ήν
1004 1320 1078 1400 παρ’
1102 1320 1213 1384 ἐκείνου
1237 1325 1295 1384 τῶν

102 1423 212 1490 ἀλλων
243 1421 372 1490 ἑκάςΩ1
402 1423 455 1486 καὶ
486 1431 577 1500 τιμῆς
601 1423 655 1488 καὶ
680 1425 780 1506 ἀρχῆς
805 1423 857 1488 καὶ
882 1425 1002 1501 ἀγαθοῦ
1027 1426 1104 1498 τινὸς
1126 1440 1293 1504 μεταλαμ·

102 1529 226 1608 βάνειν.

150 1741 234 1828 Pag.
267 1739 343 1804 120.
376 1739 428 1804 14.
461 1739 496 1816 ήν
517 1765 547 1805 τι
571 1741 643 1806 τθτε
668 1779 710 1790 -
735 1745 766 1807 ἐν
789 1752 861 1816 ταῖς
884 1751 943 1809 τῶν
966 1751 1087 1810 πολλῶν
1111 1739 1294 1816 διάνοθαιςθ

104 1887 148 1897 -
174 1845 332 1926 ἐλευθέραν
356 1843 415 1925 ήγε
435 1848 489 1921 τήν
510 1847 663 1914 Ἐλλάδα.
699 1848 889 1914 Mandosum
910 1857 958 1916 est
977 1847 1045 1929 ἦγε.
1081 1849 1185 1916 Nemo
1203 1850 1296 1917 intel-

101 1955 181 2042 ligit
205 1953 283 2039 quid
306 1955 349 2018 sit
371 1956 425 2027 τήν
448 1954 592 2018 Ἑλλάδα
616 1955 775 2034 ἐλευθέραν
791 1954 897 2032 aratu:
919 1957 974 2021 sed
993 1955 1086 2022 fenile
1106 1963 1153 2022 est
1172 1963 1295 2024 senten·

100 2063 185 2125 tiam
214 2061 346 2125 oratoris
376 2063 522 2145 reperire.
569 2061 647 2126 ldrat
671 2067 762 2145 tum,
785 2065 907 2146 inquit,
932 2065 966 2126 in
988 2062 1159 2127 hominum
1181 2066 1296 2128 menti-

101 2167 163 2231 bus
199 2165 340 2251 aliquid,
376 2167 460 2251 quod
495 2165 650 2232 efficiebat
684 2173 723 2231 ut
757 2164 892 2234 Graecia
926 2169 961 2231 in
992 2167 1141 2232 libertate
1163 2171 1297 2234 viveret.

101 2271 194 2336 Adde
226 2271 304 2336 duaa
326 2270 471 2336 litterulas
493 2277 525 2337 et
549 2273 609 2337 hoe
631 2275 739 2358 ipsum
762 2273 895 2339 habebis
918 2273 1090 2354 ἐλευθέραΝ
1115 2282 1220 2351 ΔΙιῑγε
1241 2276 1297 2349 τήν

102 2377 260 2442 Ἐλλάδα.
306 2377 391 2442 Noto
422 2399 483 2442 usu
517 2376 636 2456 διάγειν
659 2383 715 2442 aut
738 2383 889 2443 neutrum
913 2385 961 2444 est
984 2387 1108 2443 oetatem
1131 2402 1218 2470 ωροτε
1240 2385 1296 2445 aut

103 2485 311 2548 transitivum
330 2482 432 2548 faeere
450 2488 489 2547 ut
512 2481 628 2568 aliquis
651 2487 788 2549 aetatem
813 2486 979 2571 transigat.
999 2485 1125 2550 Nobilis
1142 2485 1230 2550 loona
1250 2491 1298 2551 est

101 2591 136 2653 in
168 2590 310 2652 oratione
333 2589 370 2652 de
399 2589 511 2652 Corona
534 2610 608 2677 pag.
634 2588 710 2652 255.
740 2589 793 2654 10.
819 2590 833 2652 d
857 2589 920 2668 γάρ
943 2591 1016 2655 τθτε
1040 2589 1175 2668 πθλεμος
1199 2629 1244 2641 -
1267 2591 1297 2654 ἒν

103 2699 183 2758 πᾶσι
207 2701 271 2766 τοῖς
297 2694 384 2758 κατά
406 2697 457 2760 τὸν
482 2695 549 2774 βίον
573 2695 787 2776 ἀφθονωτέροις
812 2697 865 2759 καὶ
889 2697 1071 2776 εὐωνοτέροις
1091 2696 1194 2775 διήγεν
1215 2699 1298 2776 ὑμᾶς

104 2805 157 2874 τής
183 2805 234 2864 νῦν
258 2801 383 2879 εἰρήνης.

148 3010 228 3098 Pag.
255 3008 331 3075 122.
356 3008 410 3075 21.
434 3012 467 3075 οὐ
492 3009 555 3090 γάρ
578 3009 618 3076 άν
641 3014 747 3083 αὐτοῖς
773 3010 883 3090 ἔμελεν
907 3013 937 3078 εἶ
957 3037 1005 3084 τις
1027 3015 1058 3078 ἐν
1077 3016 1295 3095 Πελοποννήσῳ

105 3119 188 3188 τινάς
207 3120 329 3182 ἀνεῖται
353 3116 405 3180 καὶ
431 3116 596 3196 διαφθείρει
620 3119 665 3194 μή
688 3121 769 3182 τοῦθ’
792 3118 1081 3196 ὑπολαμβάνουσιν.
1106 3120 1250 3200 ἐκόλαζον
1269 3123 1296 3185 δ’

107 3222 180 3288 οὕτω
193 3223 246 3286 καὶ
272 3223 467 3301 ἐτιμωροῦντο
490 3219 540 3296 οὓς
563 3223 713 3288 αἴσθοιντο
738 3220 795 3292 θςε
821 3224 872 3288 καὶ
897 3226 1029 3298 ςνλθτοις
1054 3235 1160 3292 ποιεῖν.
1185 3229 1230 3292 sio
1250 3247 1295 3292 so

106 3329 156 3394 lus
186 3332 333 3394 omnium
364 3326 404 3405 S,
437 3331 552 3394 caeteri
582 3324 631 3400 οὓς
662 3329 810 3394 αθσθοιντο
843 3329 1088 3409 δωροδοκοῦντας.
1133 3331 1205 3398 Hoo
1234 3354 1297 3398 uno

107 3437 290 3500 testimonio
330 3434 491 3500 nitebatur
524 3434 611 3500 male
641 3456 717 3500 sana
747 3438 853 3520 opinio
883 3457 1013 3514 eorum,
1044 3441 1099 3522 qui
1129 3438 1297 3518 δωροδοκεῖν

106 3563 161 3626 pro
186 3539 370 3619 διαφθείρειν
390 3540 439 3605 ἐπὶ
459 3542 603 3620 χρήμασι
627 3545 735 3605 eontra
753 3563 863 3606 sanam
883 3545 1038 3608 rationem
1058 3548 1091 3608 et
1109 3549 1298 3629 perpetuum

107 3653 252 3712 ueterum
283 3667 379 3710 usum
413 3646 478 3711 diei
509 3667 599 3731 posse
630 3647 861 3712 asseverabant.
910 3647 1035 3713 Bonum
1065 3648 1185 3714 factum
1214 3652 1297 3735 quod

108 3773 189 3817 unus
212 3755 358 3818 omnium
383 3755 524 3837 optimus
548 3755 639 3818 testis
663 3752 831 3816 absurdam
856 3752 937 3819 hane
959 3755 1140 3838 opinionem
1160 3757 1300 3821 oonfuta-

107 3861 164 3923 vit.
207 3857 279 3923 Hoo
308 3859 411 3944 igitur
439 3857 586 3943 exemplo
618 3860 734 3922 moniti
757 3859 941 3924 cavebimus
963 3879 1003 3923 ne
1026 3861 1192 3925 eradamus
1214 3862 1297 3946 quod

108 3986 181 4029 oum
203 3985 281 4030 sana
303 3966 424 4028 ratione
446 3971 570 4050 pugnet
593 3961 661 4029 fieri
683 3967 833 4048 potuisse,
859 3966 934 4048 quia
956 3985 1039 4029 unus
1063 3971 1118 4030 aut
1138 3964 1219 4028 alter
1237 3962 1294 4030 Oo-

109 4071 166 4135 dex
189 4069 378 4135 huiusmodi
401 4072 477 4154 quid
501 4067 684 4134 confirmare
708 4068 846 4134 videtur.

151 4281 363 4348 Manifestum
396 4287 540 4346 tenemus
563 4281 653 4346 scioli
676 4281 931 4346 additamentum
955 4301 1030 4368 pag.
1058 4279 1135 4347 130.
1163 4281 1215 4346 15.
1242 4285 1299 4349 ubi

109 4387 130 4452 S
163 4388 271 4452 dedit:
307 4394 421 4466 πρῶτον
454 4390 511 4465 μὲν
547 4389 580 4452 οὔ
617 4389 730 4462 μήποθ’
761 4383 830 4466 εὕρῃ
862 4385 932 4456 τοὺς
964 4387 1163 4460 ποιήσοντας,
1189 4386 1300 4455 ἔπειτα

109 4493 226 4560 δέδοικα
262 4494 307 4570 μή
343 4491 432 4558 πάνθ’
467 4491 540 4571 ἅμα
572 4489 632 4558 tea
662 4493 695 4557 οὐ
731 4491 907 4570 βουλόμεθα
943 4499 1038 4556 ποιεῖν
1069 4495 1143 4571 ήμῑν
1173 4493 1299 4574 ἀνάγκη
