3356 5084
728 347 793 414 509

160 536 285 617 γνόιμην
310 536 485 612 ἐνέπλησεν.
520 537 660 605 Fatuum
685 539 772 604 enim
795 542 843 606 est
868 537 1011 623 ᾖταῦτα
1030 547 1219 624 προαιρεῖται
1243 549 1354 626 ποιεῖν,

161 649 194 710 et
216 647 316 713 etiam
339 647 430 733 psius
453 645 547 711 αὐτοῦ
572 644 729 711 additum.

205 853 286 943 Peg.
310 853 387 921 546.
408 854 439 922 2.
461 851 517 922 εἷθ’
539 856 627 934 ὑμεῖς
647 854 699 921 τόν
718 852 812 928 οὕτως
833 854 927 936 ὠμόν,
947 854 1102 933 τόνούτως
1116 858 1283 938 άγνάμονα
1295 896 1349 938 -,

161 965 266 1027 τοῦτον
298 961 464 1045 ὑβρίζονται
495 961 648 1042 λαβόντες
680 959 723 1034 εὐς
753 984 823 1028 τινα
854 964 913 1028 τῶν
942 971 1074 1030 πολιτῶν
1104 967 1270 1050 άφήσετε,
1299 964 1353 1030 καὶ

161 1065 232 1146 μήθ’
263 1068 365 1150 ἓορτής
395 1068 477 1149 μήτε
510 1069 591 1150 όερῶν
617 1068 699 1146 μήτε
723 1066 814 1146 νόμου
838 1069 914 1148 μήτ’
939 1067 1038 1137 άλλου
1060 1071 1186 1152 μηδενός
1213 1071 1354 1153 πρόνοιαν

161 1172 369 1252 ποιούμενΟΝ
397 1176 431 1241 οὐ
455 1176 725 1256 καταψηφιεόσόες
750 1177 782 1241 οὐ
805 1174 1013 1258 παράδειγμα
1036 1179 1196 1265 ποιήσετε;
1222 1180 1353 1246 Novum

162 1284 195 1347 et
216 1281 401 1347 inauditum
424 1287 472 1348 est
494 1281 761 1364 καταφηφόζομαι
785 1282 836 1348 τόν
861 1282 1069 1363 -ποιοιόμενον
1093 1305 1150 1371 pro
1176 1291 1229 1352 τού
1255 1309 1354 1351 ποιου·
1456 1295 1457 1300 ’

162 1385 264 1464 μένου.
312 1386 462 1474 Suspicor
490 1387 633 1471 άφήσετε
664 1387 734 1455 loeo
760 1393 887 1454 motum
922 1409 988 1457 esse
1020 1395 1052 1456 et
1083 1393 1129 1456 sic
1160 1391 1354 1481 legendum:

164 1529 183 1543 -
196 1493 239 1566 εἷς
275 1517 346 1561 τινα
380 1499 437 1560 τύν
473 1498 604 1560 πολιτῶν
640 1494 692 1559 καὶ
728 1495 799 1571 μήθ’
833 1496 933 1575 ἑορτῆς
971 1496 1142 1577 -πρόνοιαν
1179 1497 1354 1576 ποιούμενον

162 1600 322 1684 άφήσετε;
347 1603 380 1668 οὐ
407 1603 679 1684 καταψηφιεύσόες
704 1603 737 1667 οὐ
762 1600 968 1683 παράδειγμα
991 1604 1150 1688 ποιήσετε,

207 1811 289 1901 Peg.
323 1810 400 1880 547.
428 1811 484 1878 26.
508 1809 691 1888 λιποταξίου
715 1813 842 1892 γραφήν
867 1812 1079 1878 κατεσκεύασε
1103 1811 1178 1878 κατ’
1203 1814 1278 1891 ἐμοῦ
1303 1812 1355 1877 καὶ

163 1917 214 1982 τὸν
245 1921 336 1983 τοῦτο
360 1918 525 1993 ποιήσοντα
554 1917 743 1997 όμισόάσατο
766 1919 818 1982 τὸν
840 1916 947 1999 μιαρὸν
972 1918 1024 1983 καὶ
1050 1921 1161 2001 εὐχερή
1188 1921 1253 2004 [τὸν
1278 1943 1356 1984 ιιονι-

164 2024 260 2108 ορτόν]
298 2025 496 2104 Εὐκτήμονα.
543 2023 626 2091 Scin'
660 2026 744 2091 unde
777 2023 950 2092 molestum
987 2031 1019 2092 et
1048 2027 1269 2113 importunum
1305 2027 1356 2091 τὸν

164 2130 311 2212 κονιορτόν
341 2130 404 2198 huc
434 2128 617 2218 irrepserit?
663 2130 788 2218 Nempe
818 2152 856 2198 ex
885 2151 958 2219 pag.
985 2130 1060 2198 560.
1085 2131 1116 2198 2.
1142 2137 1193 2197 νῦν
1218 2131 1244 2197 δ’
1268 2128 1353 2211 οἶμαι

164 2236 274 2304 τούτου
298 2237 516 2318 προβέβληται
539 2235 748 2314 Πολύευκτος,
772 2237 990 2318 Τιμοκράτης,
1015 2239 1187 2316 Εὐκτήμων
1212 2239 1225 2304 ό
1250 2261 1357 2318 κονιορ·

162 2343 231 2417 τός·
265 2345 397 2411 τοιοῦτοί
428 2343 507 2418 τινές
539 2345 596 2410 εὐσι
626 2342 801 2426 μιτόοφόροι
828 2343 894 2425 περὶ
919 2341 1021 2409 αὐτόν.
1069 2344 1141 2412 Non
1163 2350 1287 2431 poterat
1308 2344 1358 2410 bis

161 2453 195 2516 in
231 2449 344 2516 eadem
378 2452 518 2518 oratione
552 2450 647 2516 nihili
682 2450 846 2515 hominem
872 2448 1001 2537 vulgari
1031 2453 1219 2539 cognomine
1252 2450 1357 2539 desig·

161 2577 247 2622 nare.
294 2556 403 2624 Priore
433 2555 503 2624 loco
535 2559 602 2623 suis
630 2558 737 2624 vorbis
765 2556 1006 2642 improbitatem
1042 2557 1182 2623 hominis
1213 2559 1357 2642 notovit,

162 2663 275 2730 deinde
308 2684 382 2729 eum
414 2662 589 2750 appellavit
621 2683 658 2729 eo
681 2664 889 2750 cognomine,
914 2662 998 2748 qood
1023 2664 1052 2728 ei
1075 2664 1226 2729 iuventus
1248 2664 1358 2729 Attica

157 2775 290 2857 propter
311 2770 399 2838 ritas
422 2770 529 2836 sordes
551 2769 720 2836 indiderat.
877 2769 879 2774 '

205 2979 288 3070 Peg.
322 2978 398 3046 548.
433 2976 463 3045 5.
495 2978 552 3044 καό
581 3001 633 3059 μοι
665 2977 747 3043 δοκεῖ
769 2975 827 3042 κάν
850 2976 1111 3060 προσγράψασθαι
1144 2975 1235 3055 ήδέως
1264 2976 1356 3052 εόπως

165 3088 231 3164 ἐνῆν
263 3083 310 3152 ότι
337 3086 464 3152 Μειδόου
486 3083 718 3164 μισθωσαμένου
739 3083 933 3164 γέγραπται.
979 3083 1238 3150 Εηιουύαυύιιιιιτ
1264 3109 1356 3166 προσ-

164 3193 300 3276 γράύλΙ
335 3190 438 3270 ήδέυς.
494 3190 623 3259 stsllit
651 3190 797 3256 librarios
828 3183 1016 3276 praecedens
1048 3189 1213 3269 ἐγράψατο
1245 3195 1278 3258 et
1311 3213 1357 3259 se·

164 3320 263 3386 quens
295 3298 492 3381 γέγραπται,
520 3299 574 3366 sed
597 3297 765 3363 adscribere
786 3301 966 3363 constanter
988 3296 1106 3362 dicitur
1126 3297 1355 3381 προσγράφειν,

164 3411 202 3471 ut
225 3405 387 3471 sumcere
409 3404 605 3488 ἐγγράφειν,
623 3404 811 3490 proscribere
834 3401 1043 3486 προγράφειν,
1069 3405 1250 3472 commitere
1271 3405 1357 3470 mili-

163 3517 212 3580 tes
235 3509 474 3594 καταγράφειν,
499 3533 663 3596 expunctore
686 3507 892 3591 διαγράφειν,
918 3513 950 3574 st
973 3508 1094 3576 similia
1116 3509 1218 3596 plura.

207 3721 288 3811 Peg.
322 3719 399 3787 548.
432 3718 485 3786 16.
519 3718 641 3799 ἐτόλμα
672 3717 740 3799 περὶ
772 3718 846 3797 ἐμοῦ
877 3715 982 3797 λέγειν
1013 3720 1051 3791 ιύς
1083 3719 1143 3796 έγύ
1171 3719 1206 3783 τὸ
1231 3717 1355 3800 πράγμ’

166 3834 259 3894 ΕΙΜΙ
291 3832 380 3894 τοῦτο
411 3827 570 3907 δεδρακάς.
617 3824 879 3892 Emendandum:
912 3827 950 3898 ὥς
985 3825 1046 3904 έγύ
1064 3863 1104 3874 -
1129 3832 1229 3891 ΕΙΗΝ
1254 3825 1357 3908 δεδρα-

163 3935 232 4005 noc.
280 3933 343 4000 Pro
375 3954 409 3999 rs
436 3938 512 3999 nata
534 3934 567 3999 in
591 3930 813 3998 huiuscemodi
837 3933 1012 3998 sententias
1036 3931 1138 3997 forma
1160 3931 1357 3997 ausindis.
1449 3987 1452 3996 ,

164 4035 264 4108 tivus'
283 4041 412 4126 ponitur
440 4038 573 4120 δέδρακα
597 4044 654 4105 aut
676 4040 839 4124 optativus
864 4035 926 4114 cino
952 4036 1111 4119 bricoscis.
1157 4037 1255 4102 Recte
1280 4037 1356 4104 dioi-

161 4151 216 4212 tur
249 4146 311 4225 έγά
343 4146 406 4223 εἰμι
439 4149 476 4213 '0
509 4149 599 4212 τοῦτο
630 4143 794 4226 δεδρακάς,
826 4165 889 4211 non
919 4146 1000 4210 item
1033 4143 1093 4223 έγά
1119 4143 1182 4222 εὐμι
1206 4142 1354 4225 δεδρακώς

160 4273 218 4339 pro
240 4251 385 4334 δέδρακα.

206 4357 307 4425 Plane
337 4357 497 4447 gemellus
527 4358 602 4425 huic
633 4357 722 4425 locus
753 4363 800 4424 est
823 4376 897 4445 pag.
922 4354 997 4422 232.
1025 4350 1079 4420 17.
1104 4352 1226 4434 ἐτόλμα
1249 4354 1354 4436 λέγειν

159 4466 199 4538 άς
224 4461 284 4546 άρα
309 4465 371 4544 cys
389 4502 432 4516 —
450 4467 625 4540 κεκωλυκὼς
650 4462 724 4540 εόην
747 4465 802 4541 τήν
824 4463 972 4530 πόλιν-
993 4461 1061 4552 (τήν
1082 4461 1207 4552 εἰρήνην)
1226 4465 1353 4541 ποιήσα-
