3348 5086
347 537 382 614 αὸ
405 546 430 612 δ’
453 547 536 622 leode
560 547 676 631 ὁφὸωσι
700 548 753 614 καὶ
779 547 927 626 ῆλάιιατα
951 555 1118 633 ςρωφῶσιν.

173 675 297 741 numque
325 660 400 720 eunt
429 654 524 722 haeo:
559 657 680 741 motare,
713 663 826 741 terere,
858 679 928 722 nere
958 657 1142 743 quotidiana
1154 659 1349 744 ρὀααὸανοαι

171 761 275 846 fficio,
300 759 435 862 ideoque
457 762 577 849 optime
600 764 634 828 in
657 765 816 848 praesenti
838 767 981 850 tempore
1003 769 1174 850 ponuntur.

691 1019 808 1088 LXIX.

659 1230 835 1311 Ἀνέσαιμι.

200 1381 289 1452 iliud.
313 1392 346 1454 Ξ.
372 1381 450 1450 208.

333 1491 360 1557 εί
385 1490 470 1556 κείνω
494 1487 631 1557 ιεπέεσσι
655 1491 928 1571 παραιπεπιθοῦσα
952 1490 1045 1575 Φίλον
1067 1501 1122 1575 κῆρ

333 1598 376 1670 εἷς
399 1599 485 1672 εὸνῆν
508 1596 653 1676 ἀνέσαιμι
678 1597 829 1677 ὁμωθῆναι
852 1597 1016 1679 Φιλὸσησι,

330 1703 394 1770 αίεί
416 1703 450 1769 κέ
473 1711 531 1784 σφι
555 1705 634 1786 Φίλη
659 1729 694 1769 σε
720 1704 772 1770 καί
797 1704 892 1780 αίὸοίη
914 1705 1094 1784 καλεοίμην.

197 1809 278 1892 Quid
308 1815 357 1877 eet
390 1816 422 1877 et
450 1810 534 1877 unde
563 1817 611 1877 ert
637 1808 804 1890 ἀνέσαιμά
839 1811 1041 1879 Aristarchus
1063 1813 1229 1900 respondet
1254 1814 1338 1900 apud

154 1913 367 2004 Hesychium:

329 2023 561 2103 Ἀνὲσαιμιε
586 2025 793 2106 ἀναπείσαιμι
817 2025 869 2092 καί
894 2027 1136 2107 παρορμῆσαιμι.

154 2133 183 2192 et
224 2130 309 2215 opud
341 2131 567 2218 Apollonium:
603 2132 637 2199 'A
650 2132 825 2212 νέσαιμιι
861 2133 1085 2213 ἀναπείσαιμι,
1121 2132 1335 2216 ἐποσρθναιμι,

152 2237 388 2316 προτρεψαίμην.

370 2333 415 2416 είς
438 2344 526 2420 εὐνῆν
548 2343 694 2423 ἀνέσαιμι
718 2345 868 2422 ὁμωθῆναι
892 2343 1051 2428 Φιλὸσηπι.

191 2450 323 2515 ποιοῦπὸν
346 2451 391 2520 ε’ςι
416 2450 468 2514 καὸ
491 2445 551 2514 πθ*

371 2555 438 2622 otei
463 2581 497 2621 ιιε
520 2555 714 2638 Τηλέμαχον
738 2558 947 2638 κεχολωμένον
970 2553 1020 2624 ὧδ’
1043 2558 1169 2633 ἀνιείης.

192 2661 252 2728 Sed
275 2669 332 2730 aut
352 2685 412 2752 ego
435 2663 528 2730 fallor
550 2669 607 2729 aut
628 2665 831 2730 Aristarchus
853 2665 1059 2731 vehementer
1081 2664 1214 2732 fallitur.
1254 2663 1334 2732 Gon-

148 2770 248 2834 iunxr‘t
279 2769 426 2847 ἀνέσαιμι
458 2771 607 2848 ὁμωθῆναι
637 2776 670 2836 et
701 2771 824 2836 addidit
855 2772 952 2838 verbo
983 2770 1128 2850 ἀνέσαιμι
1151 2774 1332 2852 notionem,

149 2896 223 2960 quae
245 2879 281 2942 iu
303 2877 389 2942 huno
412 2876 519 2943 looum
543 2877 695 2962 quadrare
718 2877 896 2943 videbatur.

190 2982 281 3062 Quod
312 2983 352 3049 ad
384 2985 543 3071 originem
576 2985 691 3049 attinet
714 2985 789 3068 quia
812 2985 973 3067 componit
995 2981 1141 3063 ἀνέσαιμι
1165 2989 1197 3051 et
1220 2987 1332 3064 ἀνιείης

147 3089 270 3155 ridetur
289 3089 328 3155 de
348 3091 443 3156 verbo
462 3089 568 3167 ἀνίημι
589 3091 747 3176 cogitare,
768 3093 801 3153 et
821 3091 865 3154 sio
886 3088 967 3153 solet
984 3089 1099 3154 ἀνιέναι
1119 3093 1332 3178 interpretari.

148 3203 176 3261 Ξ.
212 3194 291 3261 362.
326 3197 490 3268 ἀνῆκενε
528 3194 687 3260 ἀνέπεισεν
722 3194 739 3269 ῆ
771 3193 988 3275 παρώρμησεν,
1023 3196 1086 3260 ἀπὸ
1114 3203 1172 3262 τῶν
1194 3197 1333 3278 ίππωνῆ

145 3302 312 3384 μεταφορά
344 3297 387 3374 οἷς
417 3301 476 3375 reia
510 3301 595 3378 ῆνίας
626 3303 755 3368 ἀνιάσιν.
787 3312 822 3368 Ρ.
858 3297 935 3368 705.
968 3301 1003 3366 σὸ
1026 3304 1058 3368 ὁὸ
1087 3305 1234 3380 ἀνῆκεν
1265 3305 1334 3374 ἀνὸ·

145 3433 263 3485 πεισεν,
287 3409 486 3489 παρθιρννεν.
507 3417 545 3474 E.
567 3407 643 3474 761.
668 3405 826 3490 ἀφρονα
851 3411 994 3473 σοῦσον
1018 3407 1200 3482 ἀνέντες.
1224 3414 1335 3480 Aeaee.

145 3515 283 3582 Bekkeri
305 3536 379 3604 pag.
407 3512 482 3580 397.
508 3515 563 3580 14.
586 3513 768 3586 ’Λνένσεςε
792 3515 1031 3586 ἀναπείσαντες.
1053 3515 1334 3593 β.185.ἀνιείηρ;

145 3621 327 3689 scholium:
360 3625 544 3700 κννηγεσινιῆ
577 3624 594 3696 ἡ
627 3618 711 3696 λέξις
743 3615 793 3685 dre
828 3643 875 3692 σις
911 3619 987 3684 κθνα
1023 3627 1076 3687 τοῦ
1107 3621 1220 3700 δεσμοῦ
1252 3622 1334 3696 ἀνεὸς

145 3729 260 3810 ἀφῆσει
285 3727 372 3794 καπὸι
396 3727 490 3807 θηρὸς.
535 3725 723 3812 Apollonius
746 3724 786 3790 ad
808 3734 844 3791 E.
871 3723 948 3791 880.
978 3725 1067 3790 ἀλλ’
1097 3729 1246 3800 ἀνιεῖσι
1277 3737 1334 3805 τῆς

144 3839 328 3918 μεταφορᾶς
362 3833 450 3910 οθσης
482 3833 544 3900 ἀπὸ
576 3841 631 3908 τῆς
663 3831 821 3910 ἀνιεμένης
854 3839 912 3896 σῶν
935 3838 1027 3897 κανῶν
1051 3831 1136 3898 καπὸι
1160 3833 1219 3907 σάρ
1244 3834 1335 3916 θῆρας

145 3941 298 4022 ἀφέσεως.
348 3939 432 4006 Satis
467 3961 506 4006 ex
537 3940 589 4004 hie
624 3959 773 4024 apparere
808 3939 944 4004 arbitror
975 3939 1198 4004 Aristarchum
1232 3963 1333 4027 quum

146 4047 290 4124 ἀνέσαιμι
319 4048 580 4132 interpretaretur
610 4065 676 4110 esee
705 4045 927 4130 ἀναπείσαιμι,
951 4044 1183 4124 παρορμῆσαιμι
1207 4052 1239 4112 et
1259 4049 1332 4115 eim.

147 4153 257 4220 dehis
281 4152 365 4238 apud
388 4152 568 4218 Homerum
592 4151 670 4216 locis
693 4153 850 4238 cogitare,
876 4151 930 4216 sed
952 4151 1012 4216 hoo
1032 4172 1156 4236 quoque
1173 4155 1250 4218 satia
1266 4176 1334 4240 per·

148 4262 293 4345 spicuum
317 4279 383 4324 ease
406 4261 517 4345 opinor
536 4257 681 4334 ἀνέσαιμι
705 4255 788 4322 nihii
812 4257 986 4344 quidquam
1010 4277 1084 4323 eum
1109 4259 1204 4324 verbo
1227 4260 1334 4340 ἀνίημι

149 4385 317 4432 commuue
340 4364 465 4430 habere.

194 4471 369 4556 Reliquum
390 4474 438 4536 eet
460 4472 563 4558 igitur
586 4475 624 4536 ut
646 4490 735 4536 more
758 4471 959 4537 Aristarcheo
982 4491 1022 4536 ex
1041 4470 1192 4560 diiigenti
1208 4473 1340 4562 linguae

1160 4584 1191 4628 au
