3348 5086
719 363 784 432 429

215 565 255 623 0.
277 555 355 623 251.
380 556 509 642 ἐφθμνν
530 553 669 640 θψεσθαι.

270 663 346 732 700.
372 661 497 745 ἔφασαν
522 663 701 745 Φεύξεσθαι.

213 783 244 835 λ.
271 770 347 836 430.
374 769 452 854 ἔφην
475 809 520 822 -
544 769 735 838 ἐλεύσεσθαι.

213 900 244 944 σ.
270 875 347 943 132.
370 877 448 960 φνσύ
474 915 516 926 -
541 877 710 944 πεύσεσθαι.

213 988 250 1063 ψ.
277 982 332 1052 71.
356 981 478 1066 ἔφησθα
503 1021 544 1034 -
569 983 759 1050 ἐλεύσεσθαι.

212 1091 285 1157 Non
304 1097 450 1178 poterent
468 1091 546 1157 haee
564 1095 631 1158 sine
650 1092 846 1158 barbarismo
864 1093 898 1157 in
919 1129 938 1142 -
951 1091 1052 1156 λσθαι
1072 1093 1231 1176 converti,
1250 1111 1360 1176 quam·

168 1217 263 1282 quem
295 1197 378 1264 nihil
403 1219 439 1264 ee
460 1219 511 1264 ree
534 1198 676 1264 indoctos
700 1199 819 1265 scribas
841 1198 1016 1282 retinebat,
1041 1199 1095 1282 qui
1119 1199 1303 1283 saepissime
1327 1199 1361 1262 in

168 1303 287 1369 talibus
317 1324 441 1389 quoque
473 1341 493 1355 -
507 1306 600 1370 ασθαι
632 1305 705 1370 dere
738 1303 857 1378 solent,
887 1309 925 1370 ut
950 1306 985 1369 in
1007 1301 1144 1370 Scholiis
1167 1302 1296 1370 Venetis
1319 1313 1359 1370 A.

170 1407 245 1474 105.
279 1411 555 1488 θνατλεύσασθαι,
583 1421 606 1476 Ι.
643 1408 718 1477 167.
743 1409 972 1494 ε’ντευξθμενοι,
998 1419 1036 1475 Ο.
1062 1407 1140 1477 700.
1163 1409 1339 1492 Φεύξαοθαι

169 1525 210 1580 Ψ.
236 1513 312 1580 792.
337 1513 549 1596 ἐριζήσασθαι,
574 1523 607 1584 et
629 1518 751 1584 similia
774 1519 826 1583 hie
849 1516 937 1583 elibi.

213 1620 312 1688 Recte
335 1622 457 1710 legitur
480 1626 615 1689 norisius
638 1622 699 1689 Od.
723 1648 752 1688 σ.
778 1623 855 1690 342.

443 1729 510 1812 <eeu
534 1729 597 1810 γαρ
619 1751 673 1808 μιν
698 1729 817 1804 θλιιθέα
840 1730 1052 1808 μυθύσλσθαι.

168 1837 243 1920 quie
265 1839 423 1902 sententia
446 1841 510 1902 est:
534 1838 606 1922 quia
629 1859 692 1901 eam
715 1859 786 1902 vera
804 1853 932 1903 nmflsn
949 1837 1108 1920 putabant.

212 2089 274 2156 od.
295 2115 332 2172 χ.
358 2088 433 2160 408.

580 2197 677 2264 ἐθυσέν
700 2198 726 2281 ῥ’
751 2197 909 2274 θλολυἚαι.

167 2305 275 2370 omnia
306 2303 404 2370 verbe
435 2300 557 2370 Graece
587 2308 622 2369 in
653 2304 768 2390 -θζιι,
803 2305 886 2385 -θζο
915 2310 947 2370 et
971 2342 990 2355 -
1004 2301 1062 2383 θζυ
1086 2307 1235 2371 exeuntia
1258 2325 1360 2390 quum

166 2407 350 2498 significant
378 2433 473 2475 vocem
503 2415 560 2476 eui
589 2411 716 2476 sonitem
748 2414 833 2477 edere
863 2411 982 2477 habent
1015 2415 1187 2497 ancipitem
1224 2413 1357 2493 θοογοιιι,

165 2535 246 2601 quae
277 2517 313 2580 in
345 2517 476 2581 caeteris
510 2518 657 2582 omnibus
687 2538 812 2603 semper
842 2517 947 2583 brevis
980 2522 1037 2583 esi.
1085 2517 1207 2584 Eadem
1240 2519 1359 2584 hebeni

164 2622 312 2687 futurum
338 2624 373 2687 in
397 2621 532 2700 -ξομαι,
580 2622 736 2689 Dicebant
762 2622 882 2705 γρύζιο,
913 2621 1086 2705 γρύξομαι,
1115 2621 1249 2703 γρῦξαι,
1283 2648 1356 2705 γρυ·

166 2726 254 2804 ιιτθνς
278 2749 318 2793 ex
337 2728 439 2794 ὀτοτοῖ
453 2730 594 2793 nescitur
612 2727 743 2810 θτοτύζω
767 2734 799 2795 et
819 2728 1021 2808 θσοτύξομαι,
1043 2751 1081 2796 ex
1100 2732 1144 2796 ἱού
1163 2729 1207 2795 ἷοθ
1221 2730 1358 2796 verbum

167 2841 214 2901 eet
237 2833 309 2914 θθζω
334 2839 367 2899 ei
389 2855 506 2900 nomen
528 2837 612 2913 θυγθ.
658 2835 745 2901 Hine
768 2836 910 2914 κέκραγα
930 2836 1037 2902 medie
1059 2835 1157 2924 longe
1177 2841 1209 2902 ei
1228 2835 1361 2917 σέτριγα

168 2947 200 3006 et
228 2939 379 3020 ιιέαριγα,
408 2951 440 3006 et
463 2940 527 3006 elie
550 2941 717 3026 quaedam.
762 2941 874 3026 ltaque
897 2944 931 3005 in
954 2940 1087 3023 θλολύζω
1112 2942 1247 3030 longum
1271 2947 1320 3008 esi
1344 2966 1360 3005 υ

168 3052 199 3111 ei
222 3043 368 3121 ἐλολῦξαι
393 3048 611 3126 scribendum,
633 3055 671 3114 ut
694 3045 816 3128 γρῦξαι.
853 3047 974 3113 Indicio
998 3053 1046 3114 esi
1070 3049 1205 3127 ὀλολυγή
1228 3048 1360 3135 paenul-

168 3154 250 3217 tima
271 3150 369 3239 longe
392 3160 427 3217 Z.
452 3151 528 3218 301.

348 3254 384 3325 αἳ
407 3259 436 3325 δ’
461 3260 596 3341 ὀλολυγῇ
621 3263 722 3325 τιίσαι
748 3259 859 3341 Ἀθήνη
882 3267 993 3342 χεῖρας
1016 3261 1160 3340 ἀνέσχον.

168 3371 200 3430 et
223 3367 393 3443 θλολυγθν.
418 3372 449 3432 et
473 3367 546 3444 ἱυγή
571 3366 752 3454 penultima
773 3366 881 3456 longa.
953 3379 955 3386 ⁴

304 3746 350 3810 σοὶ
376 3744 426 3822 δέ,
452 3744 564 3824 γύναι,
590 3743 662 3812 τύδ’
687 3745 853 3811 ἐσιΤέλλυ
878 3755 988 3826 πινυτῇ
1013 3770 1070 3826 περ
1094 3744 1192 3826 ἐούσῃ.

211 3850 401 3938 Amplector
421 3855 612 3920 senientiam
633 3855 701 3919 eius
720 3854 776 3938 qui
792 3851 994 3917 scribendum
1007 3853 1142 3918 coniecit
1153 3852 1361 3933 ε’τιΟΤέλλο,

166 3959 201 4024 id
231 3957 317 4044 quod
349 3961 463 4045 cuique
493 3962 527 4024 in
554 3964 697 4026 mentem
720 3961 829 4025 venire
855 3957 948 4024 debet
971 3961 1027 4044 qui
1049 3960 1085 4023 in
1106 3957 1241 4047 vulgate
1265 3963 1360 4045 serip-

165 4071 240 4130 tum
270 4069 411 4130 metrum
441 4067 550 4131 vitiari
573 4069 689 4131 sentiet
712 4069 744 4130 et
766 4063 855 4130 nullo
879 4064 974 4130 modo
998 4075 1011 4128 1
1035 4067 1069 4129 in
1093 4063 1245 4130 ἐπιτέλλω
1270 4085 1360 4149 pesse

132 4203 136 4210 ·
165 4171 311 4258 produci.
356 4169 551 4238 Ἐτιςέλλειν
582 4177 614 4236 et
646 4172 789 4240 ἐπιειλαί
815 4171 898 4256 apud
921 4173 1178 4256 antiquissimum
1201 4190 1359 4257 quemque

165 4282 297 4364 poetam
320 4297 357 4343 eo
380 4299 474 4343 sensu
496 4280 610 4343 tritum
633 4284 697 4356 eet,
721 4279 815 4342 utin
840 4277 1004 4342 Promethei
1024 4278 1133 4342 initio:

391 4385 552 4464 Ἥφαιςε,
577 4383 621 4448 σοὶ
649 4383 679 4448 δὲ
702 4385 763 4465 χρὴ
786 4382 893 4462 μέλειν
917 4381 1085 4462 ε’τιςολιθς,

395 4487 434 4564 θὶς
458 4514 502 4556 τοι
526 4491 628 4572 πατὴρ
653 4490 770 4570 ἐφεῖτο.
