<?xml version="1.0" encoding="UTF-8"?>
<!DOCTYPE html PUBLIC "-//W3C//DTD XHTML 1.0 Transitional//EN"
    "http://www.w3.org/TR/xhtml1/DTD/xhtml1-transitional.dtd">
<html xmlns="http://www.w3.org/1999/xhtml" xml:lang="en" lang="en">
 <head>
  <title>
</title>
<meta http-equiv="Content-Type" content="text/html;charset=utf-8" />
  <meta name='ocr-system' content='tesseract 3.04.00' />
  <meta name='ocr-capabilities' content='ocr_page ocr_carea ocr_par ocr_line ocrx_word'/>
</head>
<body>
  <div class='ocr_page' id='page_1' title='image "./miscellaneacrit00cobegoog/miscellaneacrit00cobegoog_0499.png"; bbox 0 0 3356 5084; ppageno 0'>
   <div class='ocr_carea' id='block_1_1' title="bbox 906 386 971 454">
    <p class='ocr_par' dir='ltr' id='par_1_1' title="bbox 906 386 971 454">
     <span class='ocr_line' id='line_1_1' title="bbox 906 386 971 454; baseline -0.015 0"><span class='ocrx_word' id='word_1_1' title='bbox 906 386 971 454; x_wconf 81' lang='grc'><strong><em>484</em></strong></span> 
     </span>
    </p>
   </div>
   <div class='ocr_carea' id='block_1_2' title="bbox 324 571 1540 1290">
    <p class='ocr_par' dir='ltr' id='par_1_2' title="bbox 324 571 1540 1290">
     <span class='ocr_line' id='line_1_2' title="bbox 346 571 1538 658; baseline -0.003 -16"><span class='ocrx_word' id='word_1_2' title='bbox 346 575 469 656; x_wconf 76' lang='grc' dir='ltr'><strong><em>βέλτιον</em></strong></span> <span class='ocrx_word' id='word_1_3' title='bbox 501 575 636 654; x_wconf 77' lang='grc' dir='ltr'><strong><em>μήὺἐνα,</em></strong></span> <span class='ocrx_word' id='word_1_4' title='bbox 668 577 749 653; x_wconf 91' lang='grc' dir='ltr'><strong><em>μήτε</em></strong></span> <span class='ocrx_word' id='word_1_5' title='bbox 779 577 957 658; x_wconf 68' lang='grc' dir='ltr'><strong><em>πράττονται</em></strong></span> <span class='ocrx_word' id='word_1_6' title='bbox 984 571 1112 654; x_wconf 73' lang='grc' dir='ltr'><strong><em>πρᾶξαι.</em></strong></span> <span class='ocrx_word' id='word_1_7' title='bbox 1159 572 1352 639; x_wconf 88' lang='lat' dir='ltr'><strong>Mendosum</strong></span> <span class='ocrx_word' id='word_1_8' title='bbox 1377 580 1426 640; x_wconf 83' lang='lat' dir='ltr'><strong><em>eet</em></strong></span> <span class='ocrx_word' id='word_1_9' title='bbox 1448 574 1538 640; x_wconf 85' lang='grc' dir='ltr'><strong><em>άνιιι-</em></strong></span> 
     </span>
     <span class='ocr_line' id='line_1_3' title="bbox 346 680 1538 767; baseline -0.003 -20"><span class='ocrx_word' id='word_1_10' title='bbox 346 683 469 758; x_wconf 76' lang='grc' dir='ltr'><strong><em>πάντῶν.</em></strong></span> <span class='ocrx_word' id='word_1_11' title='bbox 517 684 589 750; x_wconf 84' lang='grc' dir='ltr'><strong><em>Νοιι</em></strong></span> <span class='ocrx_word' id='word_1_12' title='bbox 618 682 841 750; x_wconf 83' lang='lat' dir='ltr'><strong>Demosthenis</strong></span> <span class='ocrx_word' id='word_1_13' title='bbox 872 682 927 748; x_wconf 85' lang='lat' dir='ltr'><strong><em>sed</em></strong></span> <span class='ocrx_word' id='word_1_14' title='bbox 956 681 1086 767; x_wconf 80' lang='lat' dir='ltr'><strong>Epicuri</strong></span> <span class='ocrx_word' id='word_1_15' title='bbox 1109 680 1246 748; x_wconf 89' lang='lat' dir='ltr'><strong>verbum</strong></span> <span class='ocrx_word' id='word_1_16' title='bbox 1269 686 1317 746; x_wconf 87' lang='lat' dir='ltr'><strong><em>est</em></strong></span> <span class='ocrx_word' id='word_1_17' title='bbox 1340 681 1538 755; x_wconf 70' lang='grc' dir='ltr'><strong><em>ἀναισθητεῖν</em></strong></span> 
     </span>
     <span class='ocr_line' id='line_1_4' title="bbox 345 787 1539 877; baseline -0.003 -22"><span class='ocrx_word' id='word_1_18' title='bbox 345 787 526 877; x_wconf 76' lang='lat' dir='ltr'><strong>significans</strong></span> <span class='ocrx_word' id='word_1_19' title='bbox 548 813 635 855; x_wconf 80' lang='grc' dir='ltr'><strong><em>οοκειι</em></strong></span> <span class='ocrx_word' id='word_1_20' title='bbox 659 812 760 854; x_wconf 78' lang='lat' dir='ltr'><strong>carere</strong></span> <span class='ocrx_word' id='word_1_21' title='bbox 783 789 999 873; x_wconf 84' lang='lat' dir='ltr'><strong>demortuis,</strong></span> <span class='ocrx_word' id='word_1_22' title='bbox 1023 807 1085 852; x_wconf 90' lang='lat' dir='ltr'><strong><em>non</em></strong></span> <span class='ocrx_word' id='word_1_23' title='bbox 1111 787 1235 851; x_wconf 84' lang='grc' dir='ltr'><strong><em>είνίίανοι</em></strong></span> <span class='ocrx_word' id='word_1_24' title='bbox 1258 809 1293 850; x_wconf 83' lang='grc' dir='ltr'><strong><em>αι·</em></strong></span> <span class='ocrx_word' id='word_1_25' title='bbox 1314 788 1456 852; x_wconf 75' lang='lat' dir='ltr'><strong><em>stolidum</em></strong></span> <span class='ocrx_word' id='word_1_26' title='bbox 1477 809 1539 852; x_wconf 78' lang='lat' dir='ltr'><strong>ease</strong></span> 
     </span>
     <span class='ocr_line' id='line_1_5' title="bbox 346 890 1539 982; baseline -0.003 -20"><span class='ocrx_word' id='word_1_27' title='bbox 346 895 385 962; x_wconf 86' lang='lat' dir='ltr'><strong><em>de</em></strong></span> <span class='ocrx_word' id='word_1_28' title='bbox 407 898 508 970; x_wconf 79' lang='lat' dir='ltr'><strong>vivis,</strong></span> <span class='ocrx_word' id='word_1_29' title='bbox 533 897 617 982; x_wconf 91' lang='lat' dir='ltr'><strong>quod</strong></span> <span class='ocrx_word' id='word_1_30' title='bbox 640 897 758 962; x_wconf 86' lang='lat' dir='ltr'><strong>dieitur</strong></span> <span class='ocrx_word' id='word_1_31' title='bbox 780 895 961 968; x_wconf 80' lang='grc' dir='ltr'><strong><em>άναίσθήτος</em></strong></span> <span class='ocrx_word' id='word_1_32' title='bbox 988 890 1065 959; x_wconf 78' lang='grc' dir='ltr'><strong><em>εἶναι</em></strong></span> <span class='ocrx_word' id='word_1_33' title='bbox 1090 896 1123 958; x_wconf 83' lang='lat' dir='ltr'><strong><em>ot</em></strong></span> <span class='ocrx_word' id='word_1_34' title='bbox 1143 891 1333 966; x_wconf 69' lang='grc' dir='ltr'><strong><em>ἀναισθήτως</em></strong></span> <span class='ocrx_word' id='word_1_35' title='bbox 1356 891 1453 975; x_wconf 84' lang='grc' dir='ltr'><strong><em>ἐχειν.</em></strong></span> <span class='ocrx_word' id='word_1_36' title='bbox 1500 891 1539 958; x_wconf 87' lang='lat' dir='ltr'><strong><em>In</em></strong></span> 
     </span>
     <span class='ocr_line' id='line_1_6' title="bbox 347 993 1540 1084; baseline -0.003 -16"><span class='ocrx_word' id='word_1_37' title='bbox 347 1003 496 1068; x_wconf 88' lang='lat' dir='ltr'><strong>omnibus</strong></span> <span class='ocrx_word' id='word_1_38' title='bbox 524 1002 616 1068; x_wconf 82' lang='lat' dir='ltr'><strong>libris</strong></span> <span class='ocrx_word' id='word_1_39' title='bbox 647 1006 695 1067; x_wconf 87' lang='lat' dir='ltr'><strong><em>eat</em></strong></span> <span class='ocrx_word' id='word_1_40' title='bbox 726 1001 927 1079; x_wconf 79' lang='grc' dir='ltr'><strong><em>άναίσθητον,</em></strong></span> <span class='ocrx_word' id='word_1_41' title='bbox 958 1003 993 1064; x_wconf 86' lang='lat' dir='ltr'><strong><em>in</em></strong></span> <span class='ocrx_word' id='word_1_42' title='bbox 1022 993 1086 1064; x_wconf 86' lang='lat' dir='ltr'><strong>un&#39;o</strong></span> <span class='ocrx_word' id='word_1_43' title='bbox 1116 1001 1272 1084; x_wconf 82' lang='lat' dir='ltr'><strong>pessimae</strong></span> <span class='ocrx_word' id='word_1_44' title='bbox 1303 1005 1395 1066; x_wconf 86' lang='lat' dir='ltr'><strong>notae</strong></span> <span class='ocrx_word' id='word_1_45' title='bbox 1432 999 1540 1065; x_wconf 84' lang='lat' dir='ltr'><strong>futilis</strong></span> 
     </span>
     <span class='ocr_line' id='line_1_7' title="bbox 324 1089 1539 1194; baseline -0.003 -20"><span class='ocrx_word' id='word_1_46' title='bbox 324 1089 501 1174; x_wconf 44' lang='lat' dir='ltr'><strong>&#39;eorreotor</strong></span> <span class='ocrx_word' id='word_1_47' title='bbox 521 1109 708 1182; x_wconf 82' lang='grc' dir='ltr'><strong><em>άναισθιρτὺν</em></strong></span> <span class='ocrx_word' id='word_1_48' title='bbox 725 1110 876 1193; x_wconf 78' lang='lat' dir='ltr'><strong>reposuit.</strong></span> <span class='ocrx_word' id='word_1_49' title='bbox 911 1107 1100 1194; x_wconf 74' lang='lat' dir='ltr'><strong>Lugendum</strong></span> <span class='ocrx_word' id='word_1_50' title='bbox 1118 1109 1215 1186; x_wconf 83' lang='grc' dir='ltr'><strong><em>τυχὸν</em></strong></span> <span class='ocrx_word' id='word_1_51' title='bbox 1232 1107 1290 1182; x_wconf 78' lang='grc' dir='ltr'><strong><em>μὲν</em></strong></span> <span class='ocrx_word' id='word_1_52' title='bbox 1306 1105 1539 1189; x_wconf 74' lang='grc' dir='ltr'><strong><em>άναισίήτΩΕ,</em></strong></span> 
     </span>
     <span class='ocr_line' id='line_1_8' title="bbox 347 1203 1029 1290; baseline -0.001 -12"><span class='ocrx_word' id='word_1_53' title='bbox 347 1214 382 1280; x_wconf 92' lang='lat' dir='ltr'><strong><em>id</em></strong></span> <span class='ocrx_word' id='word_1_54' title='bbox 404 1218 453 1280; x_wconf 85' lang='lat' dir='ltr'><strong><em>est</em></strong></span> <span class='ocrx_word' id='word_1_55' title='bbox 473 1214 623 1290; x_wconf 84' lang='grc' dir='ltr'><strong><em>άνοήτως,</em></strong></span> <span class='ocrx_word' id='word_1_56' title='bbox 649 1213 779 1289; x_wconf 79' lang='grc' dir='ltr'><strong><em>ήλιθίως.</em></strong></span> <span class='ocrx_word' id='word_1_57' title='bbox 1026 1203 1029 1210; x_wconf 60' lang='grc'><strong>’</strong></span> 
     </span>
    </p>
   </div>
   <div class='ocr_carea' id='block_1_3' title="bbox 349 1420 1541 2126">
    <p class='ocr_par' dir='ltr' id='par_1_3' title="bbox 349 1420 1541 2126">
     <span class='ocr_line' id='line_1_9' title="bbox 394 1420 1540 1510; baseline 0.002 -24"><span class='ocrx_word' id='word_1_58' title='bbox 394 1421 472 1510; x_wconf 78' lang='lat' dir='ltr'><strong>Pag.</strong></span> <span class='ocrx_word' id='word_1_59' title='bbox 507 1420 583 1487; x_wconf 79' lang='grc'><strong><em>802.</em></strong></span> <span class='ocrx_word' id='word_1_60' title='bbox 617 1421 670 1488; x_wconf 92' lang='grc'><strong><em>11.</em></strong></span> <span class='ocrx_word' id='word_1_61' title='bbox 702 1423 821 1498; x_wconf 82' lang='grc' dir='ltr'><strong><em>ταὺτήν</em></strong></span> <span class='ocrx_word' id='word_1_62' title='bbox 852 1425 906 1500; x_wconf 83' lang='grc' dir='ltr'><strong><em>τήν</em></strong></span> <span class='ocrx_word' id='word_1_63' title='bbox 939 1423 1042 1506; x_wconf 82' lang='grc' dir='ltr'><strong><em>Φωνήν</em></strong></span> <span class='ocrx_word' id='word_1_64' title='bbox 1073 1423 1181 1495; x_wconf 83' lang='grc' dir='ltr'><strong><em>ἐκεῖνος</em></strong></span> <span class='ocrx_word' id='word_1_65' title='bbox 1216 1422 1401 1510; x_wconf 68' lang='lat' dir='ltr'><strong><em>(Philippu)</em></strong></span> <span class='ocrx_word' id='word_1_66' title='bbox 1431 1425 1540 1504; x_wconf 73' lang='grc' dir='ltr'><strong><em>ὑφῆκε</em></strong></span> 
     </span>
     <span class='ocr_line' id='line_1_10' title="bbox 351 1527 1538 1611; baseline 0.001 -18"><span class='ocrx_word' id='word_1_67' title='bbox 351 1529 484 1600; x_wconf 77' lang='grc' dir='ltr'><strong><em>πολλοὺς</em></strong></span> <span class='ocrx_word' id='word_1_68' title='bbox 508 1529 560 1594; x_wconf 84' lang='grc' dir='ltr'><strong><em>καί</em></strong></span> <span class='ocrx_word' id='word_1_69' title='bbox 585 1531 704 1610; x_wconf 78' lang='grc' dir='ltr'><strong><em>θρασεῖς</em></strong></span> <span class='ocrx_word' id='word_1_70' title='bbox 728 1529 771 1594; x_wconf 85' lang='grc' dir='ltr'><strong><em>τά</em></strong></span> <span class='ocrx_word' id='word_1_71' title='bbox 795 1530 850 1609; x_wconf 83' lang='grc' dir='ltr'><strong><em>πρὺ</em></strong></span> <span class='ocrx_word' id='word_1_72' title='bbox 874 1529 986 1594; x_wconf 91' lang='grc' dir='ltr'><strong><em>ποὺτων</em></strong></span> <span class='ocrx_word' id='word_1_73' title='bbox 1011 1537 1050 1611; x_wconf 75' lang='grc' dir='ltr'><strong><em>πή</em></strong></span> <span class='ocrx_word' id='word_1_74' title='bbox 1074 1527 1162 1594; x_wconf 89' lang='grc' dir='ltr'><strong><em>πίλει</em></strong></span> <span class='ocrx_word' id='word_1_75' title='bbox 1188 1527 1384 1608; x_wconf 77' lang='grc' dir='ltr'><strong><em>ἐπαιρόμενος</em></strong></span> <span class='ocrx_word' id='word_1_76' title='bbox 1414 1529 1538 1606; x_wconf 77' lang='grc' dir='ltr'><strong><em>λόγους.</em></strong></span> 
     </span>
     <span class='ocr_line' id='line_1_11' title="bbox 352 1633 1541 1722; baseline 0.002 -22"><span class='ocrx_word' id='word_1_77' title='bbox 352 1634 436 1715; x_wconf 83' lang='lat' dir='ltr'><strong>Quid</strong></span> <span class='ocrx_word' id='word_1_78' title='bbox 460 1639 508 1700; x_wconf 87' lang='lat' dir='ltr'><strong><em>est</em></strong></span> <span class='ocrx_word' id='word_1_79' title='bbox 531 1636 709 1717; x_wconf 85' lang='grc' dir='ltr'><strong><em>ἐπαίρεσθαι</em></strong></span> <span class='ocrx_word' id='word_1_80' title='bbox 732 1633 863 1714; x_wconf 77' lang='grc' dir='ltr'><strong><em>λίγουςί</em></strong></span> <span class='ocrx_word' id='word_1_81' title='bbox 909 1634 1001 1701; x_wconf 86' lang='lat' dir='ltr'><strong>Nihil</strong></span> <span class='ocrx_word' id='word_1_82' title='bbox 1024 1655 1159 1721; x_wconf 86' lang='lat' dir='ltr'><strong>prorsus.</strong></span> <span class='ocrx_word' id='word_1_83' title='bbox 1208 1633 1375 1700; x_wconf 83' lang='lat' dir='ltr'><strong>Praeterea</strong></span> <span class='ocrx_word' id='word_1_84' title='bbox 1397 1656 1447 1701; x_wconf 89' lang='lat' dir='ltr'><strong><em>res</em></strong></span> <span class='ocrx_word' id='word_1_85' title='bbox 1470 1638 1541 1722; x_wconf 85' lang='lat' dir='ltr'><strong>ipse</strong></span> 
     </span>
     <span class='ocr_line' id='line_1_12' title="bbox 352 1740 1541 1827; baseline -0.001 -20"><span class='ocrx_word' id='word_1_86' title='bbox 352 1746 384 1808; x_wconf 85' lang='lat' dir='ltr'><strong><em>et</em></strong></span> <span class='ocrx_word' id='word_1_87' title='bbox 406 1741 448 1807; x_wconf 78' lang='grc' dir='ltr'><strong><em>τά</em></strong></span> <span class='ocrx_word' id='word_1_88' title='bbox 470 1741 526 1822; x_wconf 86' lang='grc' dir='ltr'><strong><em>πρθ</em></strong></span> <span class='ocrx_word' id='word_1_89' title='bbox 546 1741 659 1807; x_wconf 79' lang='grc' dir='ltr'><strong><em>τούτων</em></strong></span> <span class='ocrx_word' id='word_1_90' title='bbox 670 1742 833 1827; x_wconf 77' lang='lat' dir='ltr'><strong>praeteriti</strong></span> <span class='ocrx_word' id='word_1_91' title='bbox 853 1744 1006 1827; x_wconf 85' lang='lat' dir='ltr'><strong>temporis</strong></span> <span class='ocrx_word' id='word_1_92' title='bbox 1025 1742 1231 1827; x_wconf 82' lang='lat' dir='ltr'><strong>participium</strong></span> <span class='ocrx_word' id='word_1_93' title='bbox 1251 1743 1428 1826; x_wconf 79' lang='lat' dir='ltr'><strong>requirunt.</strong></span> <span class='ocrx_word' id='word_1_94' title='bbox 1464 1740 1541 1806; x_wconf 84' lang='lat' dir='ltr'><strong>Sus·</strong></span> 
     </span>
     <span class='ocr_line' id='line_1_13' title="bbox 349 1847 1540 1932; baseline -0.001 -19"><span class='ocrx_word' id='word_1_95' title='bbox 349 1849 437 1932; x_wconf 88' lang='lat' dir='ltr'><strong>pioor</strong></span> <span class='ocrx_word' id='word_1_96' title='bbox 477 1847 726 1915; x_wconf 79' lang='lat' dir='ltr'><strong>Demosthenem</strong></span> <span class='ocrx_word' id='word_1_97' title='bbox 767 1848 883 1914; x_wconf 79' lang='lat' dir='ltr'><strong>dixisse</strong></span> <span class='ocrx_word' id='word_1_98' title='bbox 925 1847 1059 1922; x_wconf 82' lang='grc' dir='ltr'><strong><em>πολλοὺς</em></strong></span> <span class='ocrx_word' id='word_1_99' title='bbox 1095 1847 1146 1912; x_wconf 79' lang='grc' dir='ltr'><strong><em>καί</em></strong></span> <span class='ocrx_word' id='word_1_100' title='bbox 1182 1849 1301 1926; x_wconf 79' lang='grc' dir='ltr'><strong><em>θρασεῖς</em></strong></span> <span class='ocrx_word' id='word_1_101' title='bbox 1334 1856 1540 1926; x_wconf 79' lang='grc' dir='ltr'><strong><em>ΠΡΟΕμενοσ</em></strong></span> 
     </span>
     <span class='ocr_line' id='line_1_14' title="bbox 350 1952 1539 2043; baseline -0.003 -23"><span class='ocrx_word' id='word_1_102' title='bbox 350 1953 471 2032; x_wconf 75' lang='grc' dir='ltr'><strong><em>λόγους.</em></strong></span> <span class='ocrx_word' id='word_1_103' title='bbox 496 1961 534 2020; x_wconf 91' lang='lat' dir='ltr'><strong><em>ut</em></strong></span> <span class='ocrx_word' id='word_1_104' title='bbox 555 1976 631 2043; x_wconf 81' lang='lat' dir='ltr'><strong>pag.</strong></span> <span class='ocrx_word' id='word_1_105' title='bbox 658 1953 733 2021; x_wconf 87' lang='grc'><strong><em>377.</em></strong></span> <span class='ocrx_word' id='word_1_106' title='bbox 756 1953 808 2019; x_wconf 90' lang='grc'><strong><em>10.</em></strong></span> <span class='ocrx_word' id='word_1_107' title='bbox 833 1953 883 2021; x_wconf 85' lang='grc' dir='ltr'><strong><em>ίνα</em></strong></span> <span class='ocrx_word' id='word_1_108' title='bbox 901 1953 995 2032; x_wconf 76' lang='grc' dir='ltr'><strong><em>μηδὲν</em></strong></span> <span class='ocrx_word' id='word_1_109' title='bbox 1016 1953 1150 2019; x_wconf 89' lang='grc' dir='ltr'><strong><em>ἐναντίον</em></strong></span> <span class='ocrx_word' id='word_1_110' title='bbox 1170 1952 1246 2031; x_wconf 76' lang='grc' dir='ltr'><strong><em>μηδὲ</em></strong></span> <span class='ocrx_word' id='word_1_111' title='bbox 1267 1956 1351 2034; x_wconf 70' lang='grc' dir='ltr'><strong><em>ρ’ήμα</em></strong></span> <span class='ocrx_word' id='word_1_112' title='bbox 1376 1952 1539 2035; x_wconf 77' lang='grc' dir='ltr'><strong><em>πρίηται</em></strong></span> 
     </span>
     <span class='ocr_line' id='line_1_15' title="bbox 353 2061 1116 2126; baseline -0.008 0"><span class='ocrx_word' id='word_1_113' title='bbox 353 2061 509 2126; x_wconf 88' lang='grc' dir='ltr'><strong><em>Φιλίππω.</em></strong></span> <span class='ocrx_word' id='word_1_114' title='bbox 1112 2074 1116 2081; x_wconf 93' lang='grc'><em>·</em></span> 
     </span>
    </p>
   </div>
   <div class='ocr_carea' id='block_1_4' title="bbox 347 2267 1544 3733">
    <p class='ocr_par' dir='ltr' id='par_1_4' title="bbox 349 2267 1542 3202">
     <span class='ocr_line' id='line_1_16' title="bbox 396 2267 1539 2359; baseline -0.003 -22"><span class='ocrx_word' id='word_1_115' title='bbox 396 2272 476 2359; x_wconf 80' lang='lat' dir='ltr'><strong>Pog.</strong></span> <span class='ocrx_word' id='word_1_116' title='bbox 510 2267 587 2336; x_wconf 84' lang='lat'><strong>303.</strong></span> <span class='ocrx_word' id='word_1_117' title='bbox 620 2267 674 2336; x_wconf 86' lang='lat'><strong><em>27.</em></strong></span> <span class='ocrx_word' id='word_1_118' title='bbox 706 2268 886 2348; x_wconf 70' lang='grc' dir='ltr'><strong><em>ὡμολόγηκε</em></strong></span> <span class='ocrx_word' id='word_1_119' title='bbox 910 2276 961 2335; x_wconf 82' lang='grc' dir='ltr'><strong><em>νῦν</em></strong></span> <span class='ocrx_word' id='word_1_120' title='bbox 985 2272 1020 2348; x_wconf 80' lang='grc' dir='ltr'><strong><em>γ’</em></strong></span> <span class='ocrx_word' id='word_1_121' title='bbox 1045 2270 1126 2348; x_wconf 72' lang='grc' dir='ltr'><strong><em>ὑμᾶς</em></strong></span> <span class='ocrx_word' id='word_1_122' title='bbox 1152 2269 1303 2352; x_wconf 94' lang='grc' dir='ltr'><strong><em>ὑπάρχειν</em></strong></span> <span class='ocrx_word' id='word_1_123' title='bbox 1326 2271 1539 2348; x_wconf 68' lang='lat' dir='ltr'><strong><em>&#39;efflorui-</em></strong></span> 
     </span>
     <span class='ocr_line' id='line_1_17' title="bbox 352 2376 1538 2459; baseline 0 -17"><span class='ocrx_word' id='word_1_124' title='bbox 352 2402 415 2450; x_wconf 82' lang='grc' dir='ltr'><strong><em>νους</em></strong></span> <span class='ocrx_word' id='word_1_125' title='bbox 441 2377 495 2454; x_wconf 76' lang='grc' dir='ltr'><strong><em>ἐμὲ</em></strong></span> <span class='ocrx_word' id='word_1_126' title='bbox 518 2377 574 2456; x_wconf 76' lang='grc' dir='ltr'><strong><em>μὲν</em></strong></span> <span class='ocrx_word' id='word_1_127' title='bbox 598 2377 704 2455; x_wconf 83' lang='grc' dir='ltr'><strong><em>λέγειν</em></strong></span> <span class='ocrx_word' id='word_1_128' title='bbox 731 2377 804 2457; x_wconf 80' lang='grc' dir='ltr'><strong><em>ὑπὲρ</em></strong></span> <span class='ocrx_word' id='word_1_129' title='bbox 828 2385 882 2452; x_wconf 79' lang='grc' dir='ltr'><strong><em>τῆς</em></strong></span> <span class='ocrx_word' id='word_1_130' title='bbox 909 2376 1070 2456; x_wconf 75' lang='grc' dir='ltr'><strong><em>πατρίδος,</em></strong></span> <span class='ocrx_word' id='word_1_131' title='bbox 1098 2378 1190 2443; x_wconf 79' lang='grc' dir='ltr'><strong><em>αὑτὸν</em></strong></span> <span class='ocrx_word' id='word_1_132' title='bbox 1215 2377 1243 2442; x_wconf 77' lang='grc' dir='ltr'><strong><em>δ’</em></strong></span> <span class='ocrx_word' id='word_1_133' title='bbox 1270 2377 1343 2459; x_wconf 78' lang='grc' dir='ltr'><strong><em>ὑπὲρ</em></strong></span> <span class='ocrx_word' id='word_1_134' title='bbox 1367 2379 1538 2442; x_wconf 81' lang='grc' dir='ltr'><strong><em>Φιλίππου·</em></strong></span> 
     </span>
     <span class='ocr_line' id='line_1_18' title="bbox 350 2481 1540 2565; baseline 0 -15"><span class='ocrx_word' id='word_1_135' title='bbox 350 2487 383 2551; x_wconf 93' lang='grc' dir='ltr'><strong><em>οὑ</em></strong></span> <span class='ocrx_word' id='word_1_136' title='bbox 419 2484 482 2565; x_wconf 81' lang='grc' dir='ltr'><strong><em>γάρ</em></strong></span> <span class='ocrx_word' id='word_1_137' title='bbox 518 2483 556 2550; x_wconf 76' lang='lat' dir='ltr'><strong><em>dev</em></strong></span> <span class='ocrx_word' id='word_1_138' title='bbox 592 2491 854 2562; x_wconf 78' lang='grc' dir='ltr'><strong><em>μεταΠΕΙΘΕΙΝ</em></strong></span> <span class='ocrx_word' id='word_1_139' title='bbox 891 2484 973 2561; x_wconf 72' lang='grc' dir='ltr'><strong><em>ὑμᾶς</em></strong></span> <span class='ocrx_word' id='word_1_140' title='bbox 1010 2481 1120 2565; x_wconf 78' lang='grc' dir='ltr'><strong><em>ἐζήτει.</em></strong></span> <span class='ocrx_word' id='word_1_141' title='bbox 1175 2483 1273 2549; x_wconf 77' lang='lat' dir='ltr'><strong>Idstne</strong></span> <span class='ocrx_word' id='word_1_142' title='bbox 1306 2484 1384 2549; x_wconf 82' lang='lat' dir='ltr'><strong>haee</strong></span> <span class='ocrx_word' id='word_1_143' title='bbox 1419 2481 1540 2550; x_wconf 76' lang='lat' dir='ltr'><strong>Graeca</strong></span> 
     </span>
     <span class='ocr_line' id='line_1_19' title="bbox 351 2587 1540 2670; baseline -0.003 -12"><span class='ocrx_word' id='word_1_144' title='bbox 351 2594 468 2669; x_wconf 76' lang='lat' dir='ltr'><strong>oratio,</strong></span> <span class='ocrx_word' id='word_1_145' title='bbox 491 2595 530 2656; x_wconf 87' lang='lat' dir='ltr'><strong><em>ut</em></strong></span> <span class='ocrx_word' id='word_1_146' title='bbox 553 2609 589 2656; x_wconf 83' lang='lat' dir='ltr'><strong><em>eo</em></strong></span> <span class='ocrx_word' id='word_1_147' title='bbox 612 2610 706 2656; x_wconf 83' lang='lat' dir='ltr'><strong>sensu</strong></span> <span class='ocrx_word' id='word_1_148' title='bbox 730 2588 855 2655; x_wconf 84' lang='lat' dir='ltr'><strong>dicatur</strong></span> <span class='ocrx_word' id='word_1_149' title='bbox 879 2589 939 2668; x_wconf 86' lang='grc' dir='ltr'><strong><em>ἐγὺ</em></strong></span> <span class='ocrx_word' id='word_1_150' title='bbox 961 2587 1141 2668; x_wconf 81' lang='grc' dir='ltr'><strong><em>ἐγνωομαι,</em></strong></span> <span class='ocrx_word' id='word_1_151' title='bbox 1161 2589 1214 2655; x_wconf 85' lang='lat' dir='ltr'><strong><em>vel</em></strong></span> <span class='ocrx_word' id='word_1_152' title='bbox 1235 2589 1365 2670; x_wconf 83' lang='grc' dir='ltr'><strong><em>ὑπάρχω</em></strong></span> <span class='ocrx_word' id='word_1_153' title='bbox 1386 2588 1540 2668; x_wconf 75' lang='grc' dir='ltr'><strong><em>ἐγνωσμέ-</em></strong></span> 
     </span>
     <span class='ocr_line' id='line_1_20' title="bbox 351 2695 1540 2782; baseline -0.002 -20"><span class='ocrx_word' id='word_1_154' title='bbox 351 2695 418 2772; x_wconf 80' lang='grc' dir='ltr'><strong><em>νοςί</em></strong></span> <span class='ocrx_word' id='word_1_155' title='bbox 451 2696 638 2781; x_wconf 83' lang='lat' dir='ltr'><strong>Numquam</strong></span> <span class='ocrx_word' id='word_1_156' title='bbox 662 2695 799 2762; x_wconf 84' lang='lat' dir='ltr'><strong>credam.</strong></span> <span class='ocrx_word' id='word_1_157' title='bbox 833 2695 988 2763; x_wconf 80' lang='lat' dir='ltr'><strong>Dicebant</strong></span> <span class='ocrx_word' id='word_1_158' title='bbox 1012 2695 1239 2774; x_wconf 73' lang='grc' dir='ltr'><strong><em>γιγνώσκεσθαι</em></strong></span> <span class='ocrx_word' id='word_1_159' title='bbox 1260 2717 1317 2782; x_wconf 90' lang='lat' dir='ltr'><strong><em>pro</em></strong></span> <span class='ocrx_word' id='word_1_160' title='bbox 1340 2703 1442 2760; x_wconf 82' lang='grc' dir='ltr'><strong><em>νιοίκσιι</em></strong></span> <span class='ocrx_word' id='word_1_161' title='bbox 1464 2719 1540 2781; x_wconf 77' lang='lat' dir='ltr'><strong>esee,</strong></span> 
     </span>
     <span class='ocr_line' id='line_1_21' title="bbox 350 2800 1541 2892; baseline -0.003 -23"><span class='ocrx_word' id='word_1_162' title='bbox 350 2809 388 2869; x_wconf 89' lang='lat' dir='ltr'><strong><em>ut</em></strong></span> <span class='ocrx_word' id='word_1_163' title='bbox 419 2824 493 2891; x_wconf 80' lang='lat' dir='ltr'><strong>pag.</strong></span> <span class='ocrx_word' id='word_1_164' title='bbox 526 2800 602 2868; x_wconf 79' lang='grc'><strong><em>202.</em></strong></span> <span class='ocrx_word' id='word_1_165' title='bbox 636 2800 689 2867; x_wconf 91' lang='grc'><strong><em>10.</em></strong></span> <span class='ocrx_word' id='word_1_166' title='bbox 723 2801 751 2865; x_wconf 91' lang='grc' dir='ltr'><strong><em>εί</em></strong></span> <span class='ocrx_word' id='word_1_167' title='bbox 781 2825 827 2871; x_wconf 74' lang='grc' dir='ltr'><strong><em>τις</em></strong></span> <span class='ocrx_word' id='word_1_168' title='bbox 855 2802 956 2867; x_wconf 83' lang='grc' dir='ltr'><strong><em>αὑτῶν</em></strong></span> <span class='ocrx_word' id='word_1_169' title='bbox 980 2801 1093 2882; x_wconf 83' lang='grc' dir='ltr'><strong><em>άΦέλοι</em></strong></span> <span class='ocrx_word' id='word_1_170' title='bbox 1118 2801 1153 2865; x_wconf 84' lang='grc' dir='ltr'><strong><em>τὺ</em></strong></span> <span class='ocrx_word' id='word_1_171' title='bbox 1178 2802 1404 2892; x_wconf 79' lang='grc' dir='ltr'><strong><em>γιγνώσκεσθαι</em></strong></span> <span class='ocrx_word' id='word_1_172' title='bbox 1428 2801 1481 2866; x_wconf 77' lang='grc' dir='ltr'><strong><em>καί</em></strong></span> <span class='ocrx_word' id='word_1_173' title='bbox 1506 2801 1541 2866; x_wconf 84' lang='grc' dir='ltr'><strong><em>τὺ</em></strong></span> 
     </span>
     <span class='ocr_line' id='line_1_22' title="bbox 350 2906 1540 2994; baseline -0.002 -20"><span class='ocrx_word' id='word_1_174' title='bbox 350 2919 389 2992; x_wconf 68' lang='grc' dir='ltr'><strong><em>τῇ</em></strong></span> <span class='ocrx_word' id='word_1_175' title='bbox 420 2913 505 2992; x_wconf 74' lang='grc' dir='ltr'><strong><em>φωνή</em></strong></span> <span class='ocrx_word' id='word_1_176' title='bbox 537 2907 640 2986; x_wconf 85' lang='grc' dir='ltr'><strong><em>λέγειν</em></strong></span> <span class='ocrx_word' id='word_1_177' title='bbox 670 2906 826 2981; x_wconf 71' lang='grc' dir='ltr'><strong><em>άττικιτί,</em></strong></span> <span class='ocrx_word' id='word_1_178' title='bbox 861 2907 915 2973; x_wconf 88' lang='lat' dir='ltr'><strong><em>sed</em></strong></span> <span class='ocrx_word' id='word_1_179' title='bbox 949 2908 1031 2973; x_wconf 89' lang='lat' dir='ltr'><strong>nihil</strong></span> <span class='ocrx_word' id='word_1_180' title='bbox 1065 2908 1140 2974; x_wconf 88' lang='lat' dir='ltr'><strong>hino</strong></span> <span class='ocrx_word' id='word_1_181' title='bbox 1172 2906 1366 2994; x_wconf 77' lang='lat' dir='ltr'><strong>proficimus.</strong></span> <span class='ocrx_word' id='word_1_182' title='bbox 1412 2907 1463 2972; x_wconf 77' lang='lat' dir='ltr'><strong><em>Ex</em></strong></span> <span class='ocrx_word' id='word_1_183' title='bbox 1493 2929 1540 2994; x_wconf 84' lang='lat' dir='ltr'><strong><em>sq.</em></strong></span> 
     </span>
     <span class='ocr_line' id='line_1_23' title="bbox 349 3013 1542 3102; baseline -0.003 -22"><span class='ocrx_word' id='word_1_184' title='bbox 349 3015 549 3094; x_wconf 71' lang='grc' dir='ltr'><strong><em>μεταπείθειν</em></strong></span> <span class='ocrx_word' id='word_1_185' title='bbox 572 3015 629 3081; x_wconf 88' lang='lat' dir='ltr'><strong><em>lux</em></strong></span> <span class='ocrx_word' id='word_1_186' title='bbox 653 3013 795 3102; x_wconf 83' lang='lat' dir='ltr'><strong>effulget.</strong></span> <span class='ocrx_word' id='word_1_187' title='bbox 831 3013 964 3079; x_wconf 77' lang='lat' dir='ltr'><strong>Dixerat</strong></span> <span class='ocrx_word' id='word_1_188' title='bbox 986 3015 1068 3092; x_wconf 83' lang='grc' dir='ltr'><strong><em>ὑμάς</em></strong></span> <span class='ocrx_word' id='word_1_189' title='bbox 1092 3013 1244 3095; x_wconf 72' lang='grc' dir='ltr'><strong><em>ὑπάρχειν</em></strong></span> <span class='ocrx_word' id='word_1_190' title='bbox 1265 3015 1542 3093; x_wconf 77' lang='grc' dir='ltr'><strong><em>ΠΕΠΕΙπμένους,</em></strong></span> 
     </span>
     <span class='ocr_line' id='line_1_24' title="bbox 351 3119 1542 3202; baseline -0.002 -14"><span class='ocrx_word' id='word_1_191' title='bbox 351 3127 383 3188; x_wconf 90' lang='lat' dir='ltr'><strong><em>et</em></strong></span> <span class='ocrx_word' id='word_1_192' title='bbox 414 3124 459 3187; x_wconf 87' lang='lat' dir='ltr'><strong><em>sio</em></strong></span> <span class='ocrx_word' id='word_1_193' title='bbox 490 3123 666 3188; x_wconf 85' lang='lat' dir='ltr'><strong>rectissime</strong></span> <span class='ocrx_word' id='word_1_194' title='bbox 688 3120 827 3186; x_wconf 84' lang='lat' dir='ltr'><strong>addidit:</strong></span> <span class='ocrx_word' id='word_1_195' title='bbox 852 3121 885 3185; x_wconf 90' lang='grc' dir='ltr'><strong><em>οὑ</em></strong></span> <span class='ocrx_word' id='word_1_196' title='bbox 910 3120 973 3200; x_wconf 82' lang='grc' dir='ltr'><strong><em>γάρ</em></strong></span> <span class='ocrx_word' id='word_1_197' title='bbox 998 3119 1036 3186; x_wconf 76' lang='grc' dir='ltr'><strong><em>οὑν</em></strong></span> <span class='ocrx_word' id='word_1_198' title='bbox 1055 3120 1295 3187; x_wconf 80' lang='grc' dir='ltr'><strong><em>ΜΕΤΑπείίειν</em></strong></span> <span class='ocrx_word' id='word_1_199' title='bbox 1320 3121 1402 3198; x_wconf 73' lang='grc' dir='ltr'><strong><em>ὑμᾶς</em></strong></span> <span class='ocrx_word' id='word_1_200' title='bbox 1426 3121 1542 3202; x_wconf 82' lang='grc' dir='ltr'><strong><em>ἐζήτει.</em></strong></span> 
     </span>
    </p>

    <p class='ocr_par' dir='ltr' id='par_1_5' title="bbox 347 3225 1544 3733">
     <span class='ocr_line' id='line_1_25' title="bbox 395 3225 1543 3312; baseline 0 -19"><span class='ocrx_word' id='word_1_201' title='bbox 395 3227 481 3293; x_wconf 83' lang='lat' dir='ltr'><strong>Fieri</strong></span> <span class='ocrx_word' id='word_1_202' title='bbox 505 3229 603 3293; x_wconf 87' lang='lat' dir='ltr'><strong>etiam</strong></span> <span class='ocrx_word' id='word_1_203' title='bbox 626 3231 731 3312; x_wconf 82' lang='lat' dir='ltr'><strong>potest</strong></span> <span class='ocrx_word' id='word_1_204' title='bbox 751 3231 788 3292; x_wconf 87' lang='lat' dir='ltr'><strong><em>ut</em></strong></span> <span class='ocrx_word' id='word_1_205' title='bbox 808 3225 930 3311; x_wconf 83' lang='lat' dir='ltr'><strong>aliquid</strong></span> <span class='ocrx_word' id='word_1_206' title='bbox 950 3227 1112 3292; x_wconf 82' lang='lat' dir='ltr'><strong>exciderit.</strong></span> <span class='ocrx_word' id='word_1_207' title='bbox 1152 3225 1342 3312; x_wconf 79' lang='lat' dir='ltr'><strong>Comparate</strong></span> <span class='ocrx_word' id='word_1_208' title='bbox 1364 3229 1451 3292; x_wconf 88' lang='lat' dir='ltr'><strong>enim</strong></span> <span class='ocrx_word' id='word_1_209' title='bbox 1470 3226 1543 3293; x_wconf 88' lang='lat' dir='ltr'><strong>loeo</strong></span> 
     </span>
     <span class='ocr_line' id='line_1_26' title="bbox 349 3330 1544 3421; baseline 0 -23"><span class='ocrx_word' id='word_1_210' title='bbox 349 3355 423 3421; x_wconf 80' lang='lat' dir='ltr'><strong>pag.</strong></span> <span class='ocrx_word' id='word_1_211' title='bbox 448 3330 501 3397; x_wconf 77' lang='lat'><strong><em>43.</em></strong></span> <span class='ocrx_word' id='word_1_212' title='bbox 526 3331 581 3398; x_wconf 81' lang='lat'><strong><em>25.</em></strong></span> <span class='ocrx_word' id='word_1_213' title='bbox 607 3335 646 3404; x_wconf 76' lang='grc' dir='ltr'><strong><em>ὑς</em></strong></span> <span class='ocrx_word' id='word_1_214' title='bbox 671 3331 844 3409; x_wconf 80' lang='grc' dir='ltr'><strong><em>ἐγνωκότων</em></strong></span> <span class='ocrx_word' id='word_1_215' title='bbox 870 3332 952 3409; x_wconf 81' lang='grc' dir='ltr'><strong><em>ὑμῶν</em></strong></span> <span class='ocrx_word' id='word_1_216' title='bbox 971 3332 1023 3396; x_wconf 84' lang='grc' dir='ltr'><strong><em>καί</em></strong></span> <span class='ocrx_word' id='word_1_217' title='bbox 1045 3331 1254 3410; x_wconf 76' lang='grc' dir='ltr'><strong><em>πεπεισμένων</em></strong></span> <span class='ocrx_word' id='word_1_218' title='bbox 1275 3331 1419 3410; x_wconf 84' lang='grc' dir='ltr'><strong><em>παύομαι</em></strong></span> <span class='ocrx_word' id='word_1_219' title='bbox 1439 3331 1544 3410; x_wconf 89' lang='grc' dir='ltr'><strong><em>λέγων</em></strong></span> 
     </span>
     <span class='ocr_line' id='line_1_27' title="bbox 350 3435 1541 3525; baseline -0.003 -19"><span class='ocrx_word' id='word_1_220' title='bbox 350 3442 471 3525; x_wconf 88' lang='lat' dir='ltr'><strong>optime</strong></span> <span class='ocrx_word' id='word_1_221' title='bbox 500 3440 703 3504; x_wconf 86' lang='lat' dir='ltr'><strong>restituetur:</strong></span> <span class='ocrx_word' id='word_1_222' title='bbox 736 3441 786 3501; x_wconf 80' lang='grc' dir='ltr'><strong><em>νῦν</em></strong></span> <span class='ocrx_word' id='word_1_223' title='bbox 818 3435 852 3515; x_wconf 88' lang='grc' dir='ltr'><strong><em>γ’</em></strong></span> <span class='ocrx_word' id='word_1_224' title='bbox 884 3439 966 3515; x_wconf 75' lang='grc' dir='ltr'><strong><em>ὑμᾶς</em></strong></span> <span class='ocrx_word' id='word_1_225' title='bbox 1003 3437 1156 3520; x_wconf 89' lang='grc' dir='ltr'><strong><em>ὑπάρχειν</em></strong></span> <span class='ocrx_word' id='word_1_226' title='bbox 1193 3439 1431 3523; x_wconf 72' lang='grc' dir='ltr'><strong><em>ἕγνω(ΚοΤλο</em></strong></span> <span class='ocrx_word' id='word_1_227' title='bbox 1467 3447 1541 3504; x_wconf 83' lang='grc' dir='ltr'><strong><em>ΚΑΙ</em></strong></span> 
     </span>
     <span class='ocr_line' id='line_1_28' title="bbox 347 3542 1542 3632; baseline -0.002 -20"><span class='ocrx_word' id='word_1_228' title='bbox 347 3543 628 3624; x_wconf 70' lang='grc' dir='ltr'><strong><em>ΠΕΠΕΙμμένινο.</em></strong></span> <span class='ocrx_word' id='word_1_229' title='bbox 675 3542 807 3609; x_wconf 84' lang='lat' dir='ltr'><strong>Passive</strong></span> <span class='ocrx_word' id='word_1_230' title='bbox 837 3543 924 3610; x_wconf 86' lang='lat' dir='ltr'><strong>idam</strong></span> <span class='ocrx_word' id='word_1_231' title='bbox 955 3565 1027 3632; x_wconf 79' lang='lat' dir='ltr'><strong>pag.</strong></span> <span class='ocrx_word' id='word_1_232' title='bbox 1061 3542 1137 3609; x_wconf 80' lang='lat'><strong>527.</strong></span> <span class='ocrx_word' id='word_1_233' title='bbox 1172 3543 1224 3610; x_wconf 93' lang='grc'><strong><em>11.</em></strong></span> <span class='ocrx_word' id='word_1_234' title='bbox 1256 3545 1302 3609; x_wconf 88' lang='lat' dir='ltr'><strong><em>sie</em></strong></span> <span class='ocrx_word' id='word_1_235' title='bbox 1332 3544 1469 3610; x_wconf 86' lang='lat' dir='ltr'><strong>dieitur:</strong></span> <span class='ocrx_word' id='word_1_236' title='bbox 1501 3543 1542 3610; x_wconf 83' lang='grc' dir='ltr'><strong><em>άν</em></strong></span> 
     </span>
     <span class='ocr_line' id='line_1_29' title="bbox 349 3647 1204 3733; baseline -0.004 -14"><span class='ocrx_word' id='word_1_237' title='bbox 349 3651 412 3733; x_wconf 81' lang='grc' dir='ltr'><strong><em>γάρ</em></strong></span> <span class='ocrx_word' id='word_1_238' title='bbox 436 3651 525 3717; x_wconf 80' lang='grc' dir='ltr'><strong><em>ταῦθ’</em></strong></span> <span class='ocrx_word' id='word_1_239' title='bbox 550 3647 642 3723; x_wconf 82' lang='grc' dir='ltr'><strong><em>οὑτως</em></strong></span> <span class='ocrx_word' id='word_1_240' title='bbox 666 3648 848 3727; x_wconf 72' lang='grc' dir='ltr'><strong><em>ἐγνωσμένα</em></strong></span> <span class='ocrx_word' id='word_1_241' title='bbox 872 3648 998 3732; x_wconf 74' lang='grc' dir='ltr'><strong><em>ὑπάρχή</em></strong></span> <span class='ocrx_word' id='word_1_242' title='bbox 1020 3649 1096 3731; x_wconf 87' lang='grc' dir='ltr'><strong><em>παρ’</em></strong></span> <span class='ocrx_word' id='word_1_243' title='bbox 1122 3651 1204 3729; x_wconf 80' lang='grc' dir='ltr'><strong><em>ὑμῖν.</em></strong></span> 
     </span>
    </p>
   </div>
   <div class='ocr_carea' id='block_1_5' title="bbox 346 3856 1540 4584">
    <p class='ocr_par' dir='ltr' id='par_1_6' title="bbox 346 3856 1540 4584">
     <span class='ocr_line' id='line_1_30' title="bbox 397 3856 1539 3951; baseline -0.002 -23"><span class='ocrx_word' id='word_1_244' title='bbox 397 3861 476 3951; x_wconf 81' lang='lat' dir='ltr'><strong>Peg.</strong></span> <span class='ocrx_word' id='word_1_245' title='bbox 502 3858 579 3929; x_wconf 84' lang='grc'><strong><em>307.</em></strong></span> <span class='ocrx_word' id='word_1_246' title='bbox 602 3856 657 3926; x_wconf 83' lang='grc'><strong><em>26.</em></strong></span> <span class='ocrx_word' id='word_1_247' title='bbox 683 3861 715 3926; x_wconf 95' lang='grc' dir='ltr'><strong><em>τί</em></strong></span> <span class='ocrx_word' id='word_1_248' title='bbox 738 3860 801 3941; x_wconf 86' lang='grc' dir='ltr'><strong><em>γάρ</em></strong></span> <span class='ocrx_word' id='word_1_249' title='bbox 826 3863 842 3936; x_wconf 89' lang='grc' dir='ltr'><strong><em>ή</em></strong></span> <span class='ocrx_word' id='word_1_250' title='bbox 865 3861 902 3936; x_wconf 81' lang='grc' dir='ltr'><strong><em>σή</em></strong></span> <span class='ocrx_word' id='word_1_251' title='bbox 923 3860 1054 3935; x_wconf 76' lang='grc' dir='ltr'><strong><em>ὑεινίτιρς</em></strong></span> <span class='ocrx_word' id='word_1_252' title='bbox 1075 3857 1232 3935; x_wconf 79' lang='grc' dir='ltr'><strong><em>είςίικπιν</em></strong></span> <span class='ocrx_word' id='word_1_253' title='bbox 1253 3857 1374 3942; x_wconf 82' lang='grc' dir='ltr'><strong><em>ήκειτῇ</em></strong></span> <span class='ocrx_word' id='word_1_254' title='bbox 1394 3859 1539 3943; x_wconf 72' lang='grc' dir='ltr'><strong><em>πατρίδος</em></strong></span> 
     </span>
     <span class='ocr_line' id='line_1_31' title="bbox 350 3965 1540 4054; baseline -0.003 -18"><span class='ocrx_word' id='word_1_255' title='bbox 350 3968 475 4037; x_wconf 86' lang='lat' dir='ltr'><strong>Mirum</strong></span> <span class='ocrx_word' id='word_1_256' title='bbox 503 3973 536 4033; x_wconf 84' lang='lat' dir='ltr'><strong><em>et</em></strong></span> <span class='ocrx_word' id='word_1_257' title='bbox 559 3966 742 4032; x_wconf 89' lang='lat' dir='ltr'><strong>inauditum</strong></span> <span class='ocrx_word' id='word_1_258' title='bbox 764 3965 915 4052; x_wconf 90' lang='lat' dir='ltr'><strong>loquendi</strong></span> <span class='ocrx_word' id='word_1_259' title='bbox 938 3987 1040 4054; x_wconf 81' lang='lat' dir='ltr'><strong>genus</strong></span> <span class='ocrx_word' id='word_1_260' title='bbox 1062 3971 1095 4032; x_wconf 89' lang='lat' dir='ltr'><strong><em>et</em></strong></span> <span class='ocrx_word' id='word_1_261' title='bbox 1117 3966 1322 4033; x_wconf 81' lang='lat' dir='ltr'><strong>vehementer</strong></span> <span class='ocrx_word' id='word_1_262' title='bbox 1343 3972 1540 4053; x_wconf 80' lang='lat' dir='ltr'><strong>suspectum.</strong></span> 
     </span>
     <span class='ocr_line' id='line_1_32' title="bbox 349 4069 1539 4161; baseline -0.003 -21"><span class='ocrx_word' id='word_1_263' title='bbox 349 4075 473 4142; x_wconf 85' lang='lat' dir='ltr'><strong>Poterit</strong></span> <span class='ocrx_word' id='word_1_264' title='bbox 494 4073 626 4140; x_wconf 83' lang='lat' dir='ltr'><strong>fortasse</strong></span> <span class='ocrx_word' id='word_1_265' title='bbox 649 4094 724 4138; x_wconf 86' lang='lat' dir='ltr'><strong>vera</strong></span> <span class='ocrx_word' id='word_1_266' title='bbox 745 4072 841 4139; x_wconf 85' lang='lat' dir='ltr'><strong>leetio</strong></span> <span class='ocrx_word' id='word_1_267' title='bbox 865 4072 939 4139; x_wconf 82' lang='lat' dir='ltr'><strong>elici</strong></span> <span class='ocrx_word' id='word_1_268' title='bbox 962 4095 1000 4139; x_wconf 84' lang='lat' dir='ltr'><strong><em>ex</em></strong></span> <span class='ocrx_word' id='word_1_269' title='bbox 1022 4093 1095 4161; x_wconf 82' lang='lat' dir='ltr'><strong>pag.</strong></span> <span class='ocrx_word' id='word_1_270' title='bbox 1123 4069 1197 4137; x_wconf 79' lang='grc'><strong><em>328.</em></strong></span> <span class='ocrx_word' id='word_1_271' title='bbox 1225 4069 1277 4136; x_wconf 82' lang='grc'><strong><em>18.</em></strong></span> <span class='ocrx_word' id='word_1_272' title='bbox 1304 4071 1415 4150; x_wconf 73' lang='grc' dir='ltr'><strong><em>λόγους</em></strong></span> <span class='ocrx_word' id='word_1_273' title='bbox 1444 4073 1539 4138; x_wconf 84' lang='grc' dir='ltr'><strong><em>συνεί-</em></strong></span> 
     </span>
     <span class='ocr_line' id='line_1_33' title="bbox 348 4177 1540 4261; baseline -0.002 -14"><span class='ocrx_word' id='word_1_274' title='bbox 348 4205 389 4261; x_wconf 89' lang='grc' dir='ltr'><strong><em>ρει</em></strong></span> <span class='ocrx_word' id='word_1_275' title='bbox 410 4218 452 4230; x_wconf 97' lang='grc'>-</span> <span class='ocrx_word' id='word_1_276' title='bbox 472 4179 568 4255; x_wconf 79' lang='grc' dir='ltr'><strong><em>ίνιρσιν</em></strong></span> <span class='ocrx_word' id='word_1_277' title='bbox 598 4179 656 4257; x_wconf 72' lang='grc' dir='ltr'><strong><em>μὲν</em></strong></span> <span class='ocrx_word' id='word_1_278' title='bbox 678 4179 823 4256; x_wconf 79' lang='grc' dir='ltr'><strong><em>οὐδεμίαν</em></strong></span> <span class='ocrx_word' id='word_1_279' title='bbox 844 4177 995 4260; x_wconf 79' lang='grc' dir='ltr'><strong><em>φέροντας</em></strong></span> <span class='ocrx_word' id='word_1_280' title='bbox 1018 4217 1076 4256; x_wconf 86' lang='lat'><strong><em>-‚</em></strong></span> <span class='ocrx_word' id='word_1_281' title='bbox 1101 4177 1264 4260; x_wconf 80' lang='grc' dir='ltr'><strong><em>συμφοράν</em></strong></span> <span class='ocrx_word' id='word_1_282' title='bbox 1288 4177 1319 4243; x_wconf 75' lang='grc' dir='ltr'><strong><em>δέ</em></strong></span> <span class='ocrx_word' id='word_1_283' title='bbox 1343 4181 1385 4259; x_wconf 77' lang='grc' dir='ltr'><strong><em>τῷ</em></strong></span> <span class='ocrx_word' id='word_1_284' title='bbox 1409 4179 1540 4260; x_wconf 85' lang='grc' dir='ltr'><strong><em>τνχάνσι</em></strong></span> 
     </span>
     <span class='ocr_line' id='line_1_34' title="bbox 349 4281 1540 4365; baseline 0 -13"><span class='ocrx_word' id='word_1_285' title='bbox 349 4293 408 4352; x_wconf 79' lang='grc' dir='ltr'><strong><em>τῶν</em></strong></span> <span class='ocrx_word' id='word_1_286' title='bbox 437 4291 567 4352; x_wconf 79' lang='grc' dir='ltr'><strong><em>πολιτῶν</em></strong></span> <span class='ocrx_word' id='word_1_287' title='bbox 599 4285 650 4350; x_wconf 83' lang='grc' dir='ltr'><strong><em>καί</em></strong></span> <span class='ocrx_word' id='word_1_288' title='bbox 684 4285 779 4359; x_wconf 82' lang='grc' dir='ltr'><strong><em>κοινήν</em></strong></span> <span class='ocrx_word' id='word_1_289' title='bbox 816 4285 977 4365; x_wconf 77' lang='grc' dir='ltr'><strong><em>αίοχὺνήν.</em></strong></span> <span class='ocrx_word' id='word_1_290' title='bbox 1025 4283 1115 4365; x_wconf 82' lang='lat' dir='ltr'><strong>Quod</strong></span> <span class='ocrx_word' id='word_1_291' title='bbox 1151 4287 1237 4350; x_wconf 87' lang='lat' dir='ltr'><strong>enim</strong></span> <span class='ocrx_word' id='word_1_292' title='bbox 1272 4281 1385 4351; x_wconf 85' lang='lat' dir='ltr'><strong>Latine</strong></span> <span class='ocrx_word' id='word_1_293' title='bbox 1421 4288 1540 4353; x_wconf 86' lang='lat' dir='ltr'><strong>dicitur·</strong></span> 
     </span>
     <span class='ocr_line' id='line_1_35' title="bbox 348 4387 1540 4476; baseline -0.001 -17"><span class='ocrx_word' id='word_1_294' title='bbox 348 4414 409 4459; x_wconf 75' lang='lat' dir='ltr'><strong>esee</strong></span> <span class='ocrx_word' id='word_1_295' title='bbox 438 4392 561 4471; x_wconf 78' lang='grc' dir='ltr'><strong><em>ὑονιοτί,</em></strong></span> <span class='ocrx_word' id='word_1_296' title='bbox 586 4393 700 4476; x_wconf 81' lang='lat' dir='ltr'><strong>decori,</strong></span> <span class='ocrx_word' id='word_1_297' title='bbox 724 4391 891 4476; x_wconf 74' lang='lat' dir='ltr'><strong>opprobrio,</strong></span> <span class='ocrx_word' id='word_1_298' title='bbox 917 4393 1105 4456; x_wconf 74' lang='lat' dir='ltr'><strong>emolumento</strong></span> <span class='ocrx_word' id='word_1_299' title='bbox 1129 4395 1162 4456; x_wconf 94' lang='lat' dir='ltr'><strong><em>et</em></strong></span> <span class='ocrx_word' id='word_1_300' title='bbox 1184 4392 1257 4456; x_wconf 85' lang='lat' dir='ltr'><strong>eim.</strong></span> <span class='ocrx_word' id='word_1_301' title='bbox 1304 4387 1426 4458; x_wconf 80' lang='lat' dir='ltr'><strong>Graece</strong></span> <span class='ocrx_word' id='word_1_302' title='bbox 1450 4399 1540 4458; x_wconf 87' lang='lat' dir='ltr'><strong>sonat</strong></span> 
     </span>
     <span class='ocr_line' id='line_1_36' title="bbox 346 4495 1537 4584; baseline -0.002 -20"><span class='ocrx_word' id='word_1_303' title='bbox 346 4499 450 4581; x_wconf 83' lang='grc' dir='ltr'><strong><em>Φέρειν</em></strong></span> <span class='ocrx_word' id='word_1_304' title='bbox 469 4501 577 4578; x_wconf 82' lang='grc' dir='ltr'><strong><em>τιμήν,</em></strong></span> <span class='ocrx_word' id='word_1_305' title='bbox 599 4497 764 4583; x_wconf 80' lang='grc' dir='ltr'><strong><em>οιίσχὺνήν,</em></strong></span> <span class='ocrx_word' id='word_1_306' title='bbox 784 4497 906 4572; x_wconf 79' lang='grc' dir='ltr'><strong><em>ὄνειδος,</em></strong></span> <span class='ocrx_word' id='word_1_307' title='bbox 928 4497 1055 4574; x_wconf 87' lang='grc' dir='ltr'><strong><em>κίπμον,</em></strong></span> <span class='ocrx_word' id='word_1_308' title='bbox 1073 4496 1218 4576; x_wconf 76' lang='grc' dir='ltr'><strong><em>βλάβαν,</em></strong></span> <span class='ocrx_word' id='word_1_309' title='bbox 1237 4495 1349 4577; x_wconf 80' lang='grc' dir='ltr'><strong><em>κέρὺος,</em></strong></span> <span class='ocrx_word' id='word_1_310' title='bbox 1367 4498 1537 4584; x_wconf 79' lang='grc' dir='ltr'><strong><em>ὑφέλειιιν,</em></strong></span> 
     </span>
    </p>
   </div>
   <div class='ocr_carea' id='block_1_6' title="bbox 0 0 1682 5084">
    <p class='ocr_par' dir='ltr' id='par_1_7' title="bbox 0 0 1682 5084">
     <span class='ocr_line' id='line_1_37' title="bbox 0 0 1682 5084; baseline 0 0"><span class='ocrx_word' id='word_1_311' title='bbox 0 0 1682 5084; x_wconf 95' lang='lat' dir='ltr'><strong><em> </em></strong></span> 
     </span>
    </p>
   </div>
  </div>
 </body>
</html>
