3348 5086
714 304 779 376 369

198 497 265 566 Iam
289 499 379 566 vides
401 521 510 568 veram
533 499 704 566 lectionem
726 500 808 566 hanc
832 517 917 567 ossas
950 499 1041 581 εἴπερ
1057 502 1120 582 γὰρ
1134 507 1279 588 -φῇσρν,
1305 499 1338 566 id

158 612 202 672 est
222 608 275 672 iter
300 612 359 688 Φῆ.
382 605 476 690 plane
498 611 536 670 ut
559 605 651 672 Iliad.
675 617 715 671 A.
741 605 796 672 81.

285 712 370 792 εθοτερ
392 711 455 793 γάρ
477 735 513 776 τε
536 711 632 794 χθλον
654 737 694 790 με
718 713 770 777 nal
794 715 942 792 οιθτῆμοιρ
965 715 1174 797 κοιτοιντέφΗΙ.

156 818 253 884 idest
276 821 330 884 ictu
353 818 542 902 κοτιντέφμ,
567 825 599 884 et
622 819 699 886 alibi
722 821 856 904 saepius.
904 817 1100 886 Similllmus
1123 829 1231 891 autem
1250 827 1339 896 loeus

157 931 200 990 ost
221 928 254 990 in
277 925 392 1012 Odyas.
416 949 449 990 οι.
475 924 551 991 168.

536 1031 619 1108 εἴπερ
643 1054 689 1106 τις
715 1031 892 1112 ἐπιχθονίων
916 1031 1074 1111 ἀνθρώπων

417 1143 511 1220 φῇσιν
536 1138 724 1203 ἒλεθσεσθοιι.

156 1245 209 1308 ubi
228 1244 304 1310 libri
328 1263 454 1322 omnes,
476 1249 514 1308 ut
537 1246 571 1308 in
594 1247 700 1309 nostro
723 1243 811 1320 loco,
835 1245 929 1320 Φύσει
955 1264 1011 1329 pro
1036 1249 1131 1326 φῇσιν
1154 1249 1313 1318 exhibent.

197 1349 291 1436 Idem
307 1349 461 1414 mendum
484 1347 543 1415 Od.
568 1374 603 1415 τ.
627 1348 705 1414 282.
729 1351 849 1414 exemit
870 1348 1046 1416 Bckkerus.
1095 1351 1311 1441 Vulgabatur:

308 1455 427 1522 θσιτθτε
449 1481 500 1522 κεν
525 1457 717 1534 πολύβουλος
742 1457 782 1520 ἐνὶ
806 1457 896 1537 φρεσὶ
922 1457 1019 1530 dicei
1045 1459 1166 1534 Ἀθήνη.

155 1564 268 1647 optime
290 1565 427 1629 correxit
450 1565 543 1644 θῇσιν.
567 1563 642 1628 vido
665 1567 698 1627 et
720 1561 942 1627 Aristarchum
965 1562 1005 1626 ad
1030 1572 1069 1629 Ο.
1093 1563 1168 1630 359.

399 1667 512 1736 θτνιθτ’
536 1669 610 1747 ἀνὴρ
633 1667 747 1739 σθένεος
770 1669 949 1744 πειρώμενος
975 1663 1048 1747 ᾖσι.

680 1978 807 2044 XLVII.

623 2194 870 2254 AexMeNoc.

194 2397 343 2464 Habebat
370 2399 448 2464 olim
480 2400 613 2466 verbum
646 2398 780 2479 δέχομαι
810 2399 843 2462 in
874 2397 987 2483 lingua
1010 2397 1108 2483 Hpica
1130 2402 1336 2485 participium

153 2525 205 2589 per
233 2525 392 2590 syncopen
421 2510 618 2571 contractum
652 2507 816 2590 (quoniam
847 2503 984 2568 sormam
1008 2502 1170 2584 δεχόμενος
1195 2513 1336 2572 metrum

152 2630 210 2676 non
240 2610 443 2692 admittebat)
472 2614 506 2675 in
537 2611 704 2692 δὲχμενος,
738 2631 812 2676 cum
843 2611 1027 2694 compositis
1059 2610 1279 2691 τοτιδέχμενος
1305 2620 1338 2680 et

154 2715 374 2800 ὑτσδέχμενος,
399 2738 479 2801 quae
496 2720 604 2784 omnia
614 2716 784 2800 praecentis
802 2717 954 2799 temporis
973 2735 1039 2808 esse
1055 2716 1234 2801 complures
1253 2720 1338 2804 apud

152 2821 327 2889 Homerum
357 2821 420 2887 loci
451 2825 620 2888 manifesto
652 2821 821 2887 declarant.
870 2820 984 2886 Nescio
1016 2842 1077 2905 quo
1101 2823 1266 2889 doctorum
1291 2847 1339 2892 er·

151 2949 216 2994 rore
245 2929 366 2994 formae
396 2927 471 2994 illae
502 2931 664 3014 perierunt
685 2927 867 3014 legiturque
890 2926 985 2990 hodie
1008 2927 1171 3006 δέγμενος,
1196 2931 1339 3010 ποτιδέγ-

150 3057 251 3111 μενος,
277 3033 483 3111 ὑποδέγμενος
507 3038 542 3099 in
563 3035 673 3099 coristc
696 3039 819 3119 praeter
840 3037 952 3118 poetae
974 3038 1173 3100 sententiam.
1222 3035 1338 3124 Super·

150 3147 222 3206 sunt
243 3144 352 3206 tamen
375 3143 514 3227 vestigia
536 3141 691 3226 quaedam
716 3145 749 3204 et
772 3138 891 3203 indicia
910 3141 996 3214 veri,
1017 3141 1132 3225 quibus
1149 3145 1220 3227 quis
1238 3147 1337 3210 scien-

150 3250 196 3310 ter
217 3267 295 3311 usus
321 3245 456 3312 Homeri
474 3246 559 3313 locos
577 3249 777 3312 restituatis
796 3248 970 3332 integrum.
995 3245 1183 3313 Producam.
1195 3252 1337 3334 primum

149 3357 262 3416 testem
295 3373 334 3417 ex
363 3353 558 3440 thmologo
588 3363 635 3418 M.
660 3374 691 3438 p.
718 3350 793 3417 151.
828 3349 881 3415 39.
907 3372 1003 3436 quem
1027 3351 1247 3420 Herodianum
1271 3376 1337 3423 essa

148 3455 252 3522 multa
285 3459 419 3524 suadent
453 3464 490 3524 nt
521 3459 657 3524 credam.
704 3456 968 3538 Ἀρχόμενος,
1003 3460 1125 3544 inquit,
1162 3461 1215 3524 act
1250 3463 1336 3527 κριτοὶ

149 3567 306 3644 σνγκοττὴν
346 3564 564 3646 οέρχμενος.
598 3603 641 3614 -
674 3565 816 3637 ένεςῶτθς
853 3565 928 3629 εἶσιν
960 3566 993 3629 σοι’
1023 3571 1166 3630 τοιοῦτοι
1198 3569 1335 3647 μετοχοιὶ

149 3673 306 3750 συγκοτὴν
342 3674 494 3739 ποθοῦσαι
530 3671 698 3751 λεγθμενος
736 3671 953 3749 λέγμενος,
995 3668 1131 3750 θρθμενος
1160 3671 1335 3750 ὄρμενος,

149 3776 312 3859 δεχόμενος
344 3778 551 3860 θέχμενος.
603 3778 768 3843 Disertum
799 3779 1022 3842 testimonium
1055 3782 1112 3841 est.
1160 3780 1336 3857 Ἄρχμενος

148 3882 246 3949 semel
278 3888 310 3948 et
339 3887 457 3950 iterum
488 3886 610 3973 legitur
638 3888 673 3950 in
705 3881 896 3950 Callimachi
929 3883 1126 3970 fragmentis.
1176 3883 1336 3961 Λέγμενις

148 3990 230 4074 apud
261 3989 442 4056 Homerum
470 4013 533 4058 non
562 3994 718 4077 reperitur
745 3990 800 4055 sed
824 3989 1062 4067 νοτιιλέγμενος
1087 3987 1201 4074 Odyss.
1225 4006 1256 4056 λ.
1283 3989 1337 4058 62.

148 4093 176 4156 ἐν
199 4095 329 4178 percipe
353 4098 608 4177 καταλέγμενος,
634 4103 666 4163 et
689 4121 726 4177 χ.
753 4094 828 4160 196.
854 4097 923 4176 εὐνῇ
949 4093 988 4160 ένι
1015 4104 1149 4174 μολοκῇ
1175 4096 1337 4176 κοιτοολέγ-

148 4224 252 4280 μενος,
284 4223 365 4287 quae
394 4207 462 4270 sine
497 4205 709 4271 controversia
741 4208 816 4267 sunt
847 4203 1017 4287 participia
1046 4201 1153 4264 coristi
1184 4202 1338 4283 ἐλέγμην,

148 4308 257 4385 λέκτο,
282 4307 372 4384 λέξο,
395 4308 525 4389 λέχθιιι,
551 4315 588 4374 ut
611 4311 777 4394 utriusque
800 4308 864 4373 loci
887 4309 1044 4373 sententia
1067 4305 1189 4392 liquido
1213 4309 1341 4376 demon—

148 4418 235 4484 strat.
284 4413 347 4482 Sed
368 4415 489 4497 θρμενος
516 4419 606 4503 (quia
631 4421 769 4481 metrum
794 4415 931 4495 θρθριενος
954 4413 1089 4498 respuit)
1112 4414 1198 4498 apud
1220 4414 1340 4490 Home-
