3304 5090
703 375 766 443 193

159 589 255 635 errore
277 567 425 635 inlibris
447 565 645 656 frequentius
667 571 705 632 nt
727 569 799 632 ente
822 575 850 634 Π
873 563 985 634 literne
1008 573 1053 632 Tl
1077 565 1284 660 negliguntur
1306 567 1340 634 et

157 681 287 763 pereant.

196 887 308 955 Strnho
340 887 553 975 Theopompi,
585 888 705 974 Ephori
729 894 762 955 et
784 887 921 956 aliorum
944 888 1127 974 exemplum
1151 893 1278 956 secutus
1300 890 1335 954 in

152 993 348 1062 Herodotum
376 1000 424 1060 est
447 997 586 1080 iniquior
609 999 641 1060 et
663 1000 787 1079 petrem
810 996 961 1060 historiae
984 1000 1022 1060 ut
1044 995 1189 1060 sutilium
1212 994 1334 1062 fabule·

152 1122 218 1165 mm
245 1107 442 1166 narratorem
466 1107 559 1166 acuto
581 1120 657 1165 noso
681 1100 853 1185 suspendit.
904 1100 1027 1166 Verseri
1050 1101 1164 1166 solitus
1186 1103 1220 1165 in
1242 1100 1335 1166 libris

151 1227 273 1284 eornm,
306 1209 362 1292 qui
387 1227 425 1271 ex
448 1208 538 1272 vene
560 1213 592 1272 et
616 1205 730 1271 diffuse
752 1205 886 1272 lectione
910 1207 1117 1272 eruditissimi
1140 1228 1207 1273 esse
1231 1225 1335 1272 cense-

150 1312 276 1390 bantur,
310 1312 538 1388 Erntosthene‚
563 1311 716 1399 Polybio,
740 1312 927 1390 Posidonio,
952 1313 1043 1391 aliis,
1066 1317 1209 1379 nativum
1233 1310 1333 1376 Hero-

148 1418 211 1483 doti
242 1417 485 1504 simplicitntem
514 1423 546 1483 et
577 1418 743 1484 eandorem
768 1418 928 1485 fastidiose
951 1427 983 1486 et
1007 1422 1194 1486 contemtim
1217 1419 1333 1484 hebere

148 1524 233 1591 solet.
280 1524 330 1590 Hx
362 1523 566 1610 Theopompo
594 1544 666 1611 pag.
694 1522 747 1588 43.
769 1526 847 1590 heco
870 1527 1005 1611 profert:
1031 1524 1215 1604 Θεόπομπός
1238 1533 1333 1603 Φησιν

146 1629 190 1696 ίτι
220 1631 274 1695 καί
309 1631 421 1707 μύίους
456 1631 485 1694 όν
515 1639 585 1700 ταῖς
610 1631 734 1707 ίεορίοοις
759 1631 819 1708 ίρεῑ
840 1639 974 1709 κρεῖττον
998 1631 1014 1708 ή
1039 1635 1077 1703 ὥς
1101 1632 1254 1713 Ἡρόδοτος
1278 1630 1331 1696 sal

145 1739 281 1812 Κτησίας
305 1737 358 1802 καί
383 1739 564 1808 Ἑλλοίνιιιος
590 1737 643 1800 καί
666 1738 691 1801 ol
714 1737 757 1801 τοὶ
781 1736 895 1803 Ἰνδικοὶ
914 1739 1168 1818 συγγράψαντες.
1202 1737 1244 1804 ut
1262 1739 1331 1822 ipse

143 1842 255 1910 Suebo
279 1866 354 1932 pag.
374 1844 449 1910 508.
474 1847 522 1910 ite
544 1842 682 1908 iudicet:
708 1846 777 1924 ρ’ᾄον
800 1844 826 1907 δ’
851 1843 889 1908 όιν
912 1868 960 1916 τις
983 1846 1108 1925 Ἡσιόδῳ
1132 1845 1184 1909 καί
1205 1843 1331 1923 Ὁμήρῳ

143 1953 296 2018 τιςεύσειε
327 1951 378 2016 καί
411 1960 472 2020 τοῖς
503 1956 661 2030 τραγικοῖς
690 1957 832 2022 ποιηταῖς
863 1948 881 2024 i
906 1953 1025 2031 Κτησίᾳ
1048 1974 1084 2015 τε
1107 1951 1158 2014 καί
1183 1946 1328 2030 Ἡροδότῳ

140 2057 188 2122 καί
213 2059 387 2132 Ἑλλανίκῳ
411 2057 462 2122 καί
487 2055 594 2127 ἄλλοις
619 2057 771 2126 τοιούτοις.
820 2053 925 2138 Quae,
945 2043 1088 2140 mulum,
1108 2056 1186 2121 hoeo
1205 2057 1329 2120 insanie

139 2171 185 2229 eet
213 2163 417 2230 Herodotum
449 2161 572 2230 Ctesiee
601 2183 683 2230 veno
715 2169 748 2228 et
774 2162 920 2227 mendaci
950 2162 1075 2227 homini
1109 2159 1328 2248 neqrriporerel

138 2269 221 2336 Hinc
264 2291 357 2356 saepe
393 2268 621 2336 contumeliose
656 2269 767 2334 scribit
800 2267 904 2334 veluti
938 2289 1011 2357 pag.
1048 2267 1125 2334 818.
1160 2268 1266 2334 πολλοὶ
1301 2268 1327 2332 δ’

138 2375 292 2456 Ἡροδοσός
323 2401 359 2442 τε
390 2377 442 2440 καί
474 2375 565 2440 ἄλλοι
596 2379 796 2456 Φλυαροῦσιν.
826 2380 859 2440 et
888 2394 961 2463 pag.
995 2373 1070 2440 550.
1105 2373 1327 2446 Καλλιππίδας

137 2481 188 2548 καί
213 2483 305 2548 ἄλλα
329 2482 485 2560 όνόματα,
511 2478 591 2560 όίτερ
613 2481 795 2552 Ἐλλιίνικός
818 2505 854 2544 τε
876 2481 928 2546 καί
949 2481 1102 2559 Ἡρόδοτος
1122 2482 1176 2547 καί
1196 2478 1326 2555 Εὔδοξος

137 2587 403 2670 νασεφλυοίρησαν
435 2593 528 2664 ήμῶν.
576 2587 654 2654 Hrnt
684 2588 761 2652 heco
792 2586 870 2652 olim
906 2587 1101 2676 pervulgate¹
1128 2589 1327 2654 eruditorum

136 2699 241 2782 opinio
261 2694 419 2760 Herodoti
438 2694 562 2760 lahulns
581 2699 614 2761 et
631 2714 750 2759 errores
768 2697 1040 2760 contemnentium
1060 2699 1092 2760 et
1104 2696 1326 2762 refutentium.

135 2802 219 2868 Audi
250 2802 403 2868 Flavium
436 2800 607 2886 Iosephum
639 2807 741 2864 contra
772 2800 915 2882 Αριίοιοσοο
944 2800 969 2865 I.
1003 2799 1023 2865 3
1059 2803 1215 2879 περίεργος
1239 2801 1265 2866 δ’
1289 2800 1328 2867 όν
1443 2891 1448 2900 .

136 2909 196 2980 είην
233 2947 275 2958 -
312 2907 461 2972 διδσέσιιυι
496 2909 566 2970 τίνα
601 2907 710 2984 τρόπον
737 2909 870 2984 Ἔφορος
901 2906 957 2982 μίν
988 2908 1170 2973 Ἐλλοίνικον
1201 2908 1231 2972 ἐν
1261 2915 1325 2981 τοῖς

134 3017 270 3085 πλείςοις
299 3015 486 3095 ψευδόμενον
510 3012 727 3096 ἐπιδείκνυσιν,
747 3013 880 3089 Ἔφορον
904 3011 934 3076 δὲ
958 3013 1092 3087 Τίμαιος
1116 3013 1169 3077 καί
1191 3014 1325 3090 Τίμαιον

134 3119 158 3186 ol
182 3124 255 3198 μετ’
279 3121 389 3185 ἐκεῖνον
414 3121 596 3198 γεγονότες.
621 3119 776 3196 Ἡρόδοτον
800 3117 831 3182 δὲ
856 3127 1042 3185 ΠΑΝΤΕΟ.

178 3227 400 3292 Nihilominus
423 3225 536 3292 Strabo
560 3223 721 3311 permulta
743 3245 782 3290 ex
805 3223 968 3291 Herodoto
991 3230 1100 3290 sumta
1119 3227 1237 3291 omisso
1255 3226 1325 3290 eins

133 3337 262 3399 nomine
292 3334 327 3397 in
358 3354 425 3398 rem
453 3353 544 3398 susm
569 3333 739 3407 convertit,
765 3334 820 3394 sut
843 3351 881 3395 ee
903 3350 983 3415 quse
1005 3329 1064 3396 soli
1087 3329 1249 3398 Herodoto
1272 3331 1325 3397 dc-

132 3440 249 3505 bentnr
279 3441 325 3522 (et
357 3439 475 3524 ubsque
504 3437 562 3502 illo
590 3439 703 3502 luisset
733 3435 773 3500 eb
800 3437 948 3501 omnibus
969 3439 1178 3514 nescirentur,
1203 3436 1255 3502 καί
1280 3437 1323 3517 τῷ

133 3545 231 3627 χρόνῳ
262 3543 394 3620 ἐξίτηλα
424 3543 463 3608 ἂν
494 3543 629 3626 ἐγένετο)
660 3563 723 3608 non
753 3541 922 3627 adipsum
947 3550 1108 3609 auctorem
1132 3544 1245 3621 refert,
1269 3543 1325 3610 sed

134 3652 174 3718 ad
193 3652 383 3716 recentiores
402 3652 581 3735 scriptores.
605 3651 661 3734 qui
680 3669 739 3713 sue
758 3669 796 3712 ex
818 3647 981 3714 Herodoto
1000 3649 1180 3716 hauserant.
1208 3652 1324 3734 Accipe

133 3756 331 3842 exemplum.
379 3755 492 3821 Strabo
522 3767 629 3820 narrat
659 3775 732 3841 pag.
765 3752 840 3818 635.
868 3754 924 3818 καί
946 3755 1026 3835 Φησί
1049 3780 1088 3834 χε
1113 3755 1322 3829 Καλλισθένης

134 3866 187 3930 ὑπ’
211 3861 378 3938 ’λόηναίιον
400 3863 521 3942 χιλίαις
540 3860 698 3941 δραχμαῖς
720 3857 902 3938 ζημιωθῆναι
924 3861 1069 3940 Φρύνιχον
1089 3861 1140 3925 τόν
1156 3858 1322 3944 τραγικόν,

135 3969 207 4035 διότι
236 3969 341 4049 δρὶμα
373 3967 494 4040 ἐποίησε
526 3971 669 4040 Μιλήτου
700 3962 816 4030 όίλοισιν
842 3966 897 4030 ὑπό
923 3969 1063 4044 Δαρείου.
1112 3965 1215 4031 Nemo
1238 3985 1322 4031 mor·

135 4075 249 4142 tellum
283 4075 323 4140 de
351 4093 388 4140 es
414 4095 448 4139 re
478 4074 658 4139 rescivisset
689 4092 865 4156 umquem,
895 4074 959 4137 nisi
987 4093 1058 4138 earn
1080 4071 1263 4136 Herodotus
1284 4073 1323 4139 eh

136 4180 295 4247 oblivione
325 4179 518 4246 vindicasset
549 4178 600 4244 Vl.
634 4176 688 4244 21.
736 4177 888 4250 Ἀόηνοιῑοι
922 4215 962 4226 -
992 4180 1153 4250 ποιήσαντι
1185 4178 1323 4258 Φρυνίχῳ

135 4287 240 4366 δροῖμα
271 4289 414 4361 Μιλήτου
446 4283 561 4350 ἅλυσιν
592 4285 644 4349 καί
679 4283 838 4358 tristiam
874 4285 904 4357 ἐς
941 4283 1056 4363 trienni
1092 4307 1128 4348 τε
1164 4281 1255 4348 ἔπεσε
1289 4285 1323 4349 τό

137 4395 254 4474 ίίητρον
285 4394 338 4458 καί
372 4391 544 4474 ἐζημίωσάν
568 4415 622 4470 μιν
653 4393 691 4463 ὥς
721 4394 945 4468 ἀναμνήσαντα
970 4391 1073 4464 οίκήία
1098 4389 1183 4456 κακοὶ
1204 4393 1324 4473 χιλίησι

138 4500 309 4584 δραχμῇσι.
368 4499 602 4567 Huiuscemodi
642 4497 837 4577 διηχημοίτια
878 4504 934 4564 eut
968 4494 1149 4582 aequalium
1185 4503 1260 4562 sunt
1294 4501 1326 4562 et

1158 4605 1186 4654 18
