3348 5086
641 519 793 592 χαλεπῶς
817 513 848 578 tt
870 511 997 578 ιέιολπα
1020 512 1056 578 τὸ
1079 511 1181 594 ῥέξειν.

326 625 358 683 et
385 628 421 684 Φ.
447 617 521 684 583.

530 719 548 798 ἦ
570 725 605 802 δή
631 749 689 790 πον
711 725 792 804 μοὶλ*
816 723 945 798 ἔιολπας
967 763 1008 774 -
1029 725 1119 791 πόλιν
1143 724 1271 808 πέρσειν.

324 835 464 898 revocari
486 836 604 920 poterit
625 833 728 899 forme
749 831 936 898 Homerico:

693 935 711 1014 ἦ
732 938 826 1017 μάλα
848 939 883 1014 δή
906 963 937 1004 τι
961 938 1115 1010 ιὲτολπας.

371 1044 507 1111 Omnem
538 1045 759 1112 huiuscemodi
786 1047 1010 1112 correctionem
1032 1047 1153 1129 respuit
1175 1045 1352 1110 versiculus
1376 1069 1406 1109 ιο.
1433 1043 1514 1110 313.

507 1153 598 1230 θυμὸς
622 1151 646 1216 δ’
670 1149 713 1217 ἔτι
739 1158 824 1218 νῶΙΝ
848 1151 983 1218 εῬώλπει
1005 1189 1047 1199 -
1067 1150 1211 1229 μίξεσθαι
1236 1150 1326 1232 ξενίῃ.

325 1258 381 1323 sed
411 1277 450 1323 ee
478 1277 552 1343 pers
581 1261 732 1324 carminis
762 1257 896 1324 conflate
918 1261 967 1323 est
989 1277 1025 1324 eo
1046 1261 1188 1342 tempore
1211 1277 1312 1342 quum
1334 1249 1438 1323 omnis
1461 1263 1517 1323 τοῦ

327 1363 480 1444 tiranno
503 1369 536 1430 et
557 1385 634 1430 usus
657 1371 689 1430 et
711 1367 867 1430 memorie
890 1362 983 1450 plone
1007 1367 1088 1428 esset
1110 1362 1251 1428 obsoleto
1273 1369 1306 1428 et
1328 1361 1459 1428 abolito.

373 1471 458 1538 Leve
480 1471 634 1536 mendum
657 1473 779 1537 incuria
802 1491 820 1536 e
842 1469 988 1536 Bekkero
1010 1469 1195 1557 neglectum
1214 1474 1262 1535 est
1284 1477 1322 1534 Η.
1348 1467 1424 1534 310.

713 1576 918 1642 ἀελπτέοντεε
941 1575 1008 1642 σόον
1031 1571 1118 1642 εἶναι.

328 1705 386 1772 pro
409 1681 649 1758 οὶἘελπτὲοντες.
695 1682 746 1748 Ex
775 1686 877 1769 prisco
904 1683 1068 1760 Ἑέλπομαι
1090 1687 1203 1748 netum
1228 1687 1276 1748 est
1299 1680 1461 1755 ἄἙελπτος
1488 1688 1522 1749 et

328 1789 509 1859 rtfetmto.
558 1791 783 1875 Antiquissimi
812 1795 883 1875 post
912 1788 1092 1855 Homerum
1115 1789 1208 1855 Iones
1231 1789 1378 1856 dicebant
1399 1794 1438 1855 ut
1460 1790 1522 1856 Ar·

329 1897 511 1964 chilochus:
543 1895 715 1977 χριιμοίτοιν
744 1893 882 1961 ἄελπτον
913 1895 1006 1961 οὐδέν.
1039 1901 1071 1961 et
1102 1893 1136 1971 ἐξ
1164 1897 1317 1971 οὶελπτίιις
1342 1896 1462 1980 Φόβος,
1489 1899 1523 1962 et

330 2003 511 2071 Herodotus
541 2001 610 2068 VII.
638 2000 712 2067 168.
744 2003 950 2076 ἀελπτέοντες
981 2001 1052 2074 τοὺς
1074 1999 1233 2076 Ἕλληνας
1258 2002 1520 2081 ὑπερβαλέεσθαι.

329 2109 367 2176 In
390 2109 525 2176 Homeri
546 2108 637 2173 libris
659 2109 899 2174 mendosissime
922 2108 1044 2197 legitur
1066 2109 1263 2182 αελπὲοντες.
1310 2107 1397 2174 Olim
1420 2109 1523 2195 probo

330 2218 434 2285 forme
454 2217 593 2300 reposito
614 2219 662 2280 est
683 2215 738 2280 sed
760 2215 899 2282 habebut
919 2215 1086 2302 digamma
1108 2211 1350 2289 οἱἙελπτέοιτες.

891 2525 961 2594 LK

377 2739 415 2806 Iu
442 2737 511 2802 loco
540 2733 658 2802 Iliados
690 2743 729 2800 0.
764 2732 832 2813 69„
865 2755 961 2821 quem
994 2735 1197 2803 Aristarchus
1226 2739 1372 2822 spurium
1395 2759 1464 2806 esse
1489 2747 1524 2805 et

332 2843 637 2927 παρεμβεβλνιιένοι
659 2843 789 2907 invictis
813 2845 1013 2930 argumentis
1035 2843 1281 2920 demonstravit,
1305 2844 1368 2911 duo
1390 2844 1524 2912 lutitant

332 2951 449 3020 mendo
479 2967 541 3014 non
572 2948 612 3013 ub
640 2946 864 3033 interpolatore
893 2948 949 3014 sed
979 2969 998 3013 s
1028 2949 1140 3016 scribis
1170 2950 1319 3034 profecta.
1366 2951 1463 3017 Prius
1488 2955 1523 3018 in

331 3079 381 3128 rs.
405 3055 459 3123 69.

514 3161 549 3224 εἰι
571 3163 625 3224 τοῦ
648 3159 673 3224 δ’
696 3156 734 3223 ἄν
756 3182 802 3224 τοι
826 3157 935 3225 ἔπειτα
958 3158 1108 3237 παλίωξιν
1133 3161 1220 3241 παροὶ
1245 3167 1318 3237 νιιῶν

420 3249 423 3258 ’
514 3265 579 3330 αἰὲν
599 3265 660 3342 ἐγὼ
682 3264 828 3346 τεύχοιμι
849 3267 1027 3347 διαμπερές.

332 3376 469 3443 alterum
492 3374 527 3436 in
548 3392 596 3438 vs.
621 3368 674 3436 72.

446 3478 481 3544 το
504 3477 572 3557 πρὶν
596 3476 624 3542 δ’
647 3476 709 3542 οὔτ’
732 3473 779 3556 ἄρ’
804 3475 864 3554 ἐγὼ
887 3475 977 3542 παύοι
1000 3476 1095 3557 χόλον
1119 3477 1188 3544 οὔτε
1211 3480 1266 3542 τιν’
1291 3477 1387 3544 ἄλλον

448 3584 616 3668 ἀθανάτων,
632 3590 797 3649 Δαναοῖσιν
820 3581 978 3660 αμνιέιιεν
1002 3583 1099 3653 ἔνθαδ’
1124 3582 1217 3650 taire.

377 3692 505 3778 Jupiter
533 3689 713 3755 futurarum
745 3709 852 3755 rerum
876 3691 999 3754 exitum
1022 3689 1151 3774 pendit:
1176 3710 1233 3756 cur
1255 3711 1331 3778 ergo
1354 3709 1416 3757 non
1437 3691 1524 3758 dixit

334 3798 450 3866 πούοοι
477 3792 593 3877 χόλιν1
626 3794 752 3862 Diserto
786 3795 961 3860 Aristarchi
991 3797 1175 3861 testimonio
1201 3798 1395 3882 retinemur,
1425 3795 1522 3870 οὕτως

333 3906 517 3987 Ἀρίςιιρχος
546 3901 639 3982 χωρὶς
670 3907 723 3967 τοῦ
749 3911 771 3967 C
800 3900 923 3966 παύει.
970 3899 1033 3968 Sed
1057 3906 1165 3968 temen
1188 3905 1360 3981 sententie,
1384 3903 1522 3988 dixeris,

333 4015 479 4080 futurum
501 4009 642 4094 postulet
660 4015 698 4074 ut
721 4010 830 4074 statim
850 4005 919 4072 οὔτε
940 4005 1030 4072 irtus.
1061 4007 1221 4074 Memores
1241 4007 1429 4076 Homericae
1448 4030 1523 4076 oon·

336 4117 513 4186 suetudinis
543 4117 768 4182 rescribemus:
800 4114 864 4180 οὔτ’
887 4112 961 4180 *ΑΝ
988 4116 1048 4192 ee
1074 4113 1163 4180 παύω
1187 4114 1298 4198 χόλον,
1321 4136 1459 4201 nomque
1483 4113 1523 4180 ἂν

337 4225 426 4291 παύε’
458 4227 506 4288 est
535 4223 662 4299 παύοα,
687 4227 725 4286 ut
748 4220 810 4299 ἐγὼ
832 4219 864 4286 δέ
887 4218 917 4284 α’
943 4218 1012 4298 ἄγοι
1037 4226 1085 4288 est
1107 4220 1168 4298 ἐγὼ
1192 4220 1217 4285 δ’
1241 4219 1325 4306 ἄξοι,
1349 4226 1381 4287 et
1405 4222 1466 4301 ἐγὼ
1489 4220 1523 4288 di

337 4335 370 4400 ιιέ
393 4355 438 4397 τοι
461 4329 541 4396 ridie
563 4328 656 4409 χάριν
681 4332 729 4394 ost
752 4328 812 4404 lys
836 4327 867 4392 δέ
891 4350 935 4392 οοι
959 4326 1052 4407 χοίριν
1074 4327 1215 4406 εἵσομαι,
1241 4333 1273 4392 et
1298 4331 1415 4414 possim
1440 4330 1522 4396 eius-

336 4441 410 4507 dem
433 4443 601 4526 syntaxeos
624 4432 770 4518 exempls
791 4433 955 4521 legrmtur.
