3342 5080
704 367 768 438 545

137 560 289 642 τοννρίαν.
336 559 499 626 mausum
529 560 589 626 hoo
612 559 772 627 emblema
793 561 937 645 primum
959 559 1135 624 arctissime
1158 557 1325 624 coniuncta

136 669 188 734 διὰ
216 670 272 742 τὴν
290 706 331 717 -
351 666 493 747 πονηρίαν
522 668 658 753 pessime
690 666 862 754 disiungit,
895 663 1008 730 denae
1037 664 1142 740 idem,
1174 662 1259 748 quod
1290 663 1325 725 in

137 795 202 862 sqq.
218 773 351 865 ‚Orator
379 795 507 840 summa
536 776 570 838 ri
598 777 642 844 et„
662 759 834 839 acrimonia
854 772 1055 848 enunciavit,
1078 769 1196 857 frigide
1218 767 1324 834 verbis

136 880 175 946 de
197 883 294 947 trivio
318 881 433 948 sumtis
456 881 638 964 importuno
660 876 729 944 loco
751 879 922 964 proposuit.

181 1137 264 1227 Pag.
295 1133 372 1202 688.
398 1133 451 1200 14.
484 1135 536 1200 καί
562 1135 661 1200 οὐκέτι
685 1137 778 1200 ταῦτ’
801 1133 945 1217 οίντίχρνρ,
970 1135 1046 1202 ἀλλ’
1071 1137 1096 1201 εἰ
1121 1135 1174 1201 καὶ
1197 1135 1241 1213 μίν
1265 1141 1325 1216 Φυ-

138 1241 254 1319 λοίξετε
285 1239 394 1312 έκαςον
425 1241 539 1308 τούτων
569 1241 687 1307 ἐκείνων
719 1264 759 1319 γε
782 1240 909 1320 οὐδεμία
933 1241 1035 1323 χέρες.
1084 1241 1242 1308 Suadente
1263 1239 1327 1305 loci

139 1352 296 1416 sententia
326 1355 494 1434 transpone
520 1348 544 1413 εί
568 1349 613 1426 μέν
638 1347 690 1412 καί
713 1345 888 1430 φυλάξετε.
935 1347 989 1414 Sic
1010 1349 1182 1414 Aeschines
1203 1351 1237 1413 in
1264 1347 1326 1412 Cte-

138 1456 214 1540 sipl.
244 1476 318 1544 pag.
345 1451 398 1522 74.
419 1450 473 1520 27.
524 1453 716 1532 Δνρμοσίέννς
741 1455 794 1518 οὐκ
818 1455 937 1538 ἀγαπᾷ
962 1457 987 1521 εί
1011 1457 1055 1531 μίρ
1079 1454 1164 1529 δίκην
1187 1453 1326 1531 δέδυκεν,

140 1560 215 1627 ἀλλ’
252 1563 278 1628 εί
310 1563 355 1640 μὴ
385 1560 437 1625 καί
468 1561 573 1643 χρυσῷ
602 1558 728 1642 σεφοίνῳ
758 1561 1011 1642 ςεφανονίνίσεταν
1046 1563 1239 1641 ἀγανακτεῖ,
1272 1561 1328 1626 ubi
1458 1557 1466 1569 ”

140 1667 291 1734 similiter
320 1671 355 1733 in
377 1667 586 1734 deterioribus
606 1666 698 1733 libris
719 1687 776 1753 pro
799 1668 844 1747 μίν
868 1668 923 1733 καί
944 1670 1099 1754 scriptum
1123 1673 1171 1734 est
1194 1668 1247 1734 καὶ
1271 1667 1325 1745 μοί.

184 1911 265 2000 Pag.
297 1909 372 1977 688.
406 1909 461 1976 21.
492 1911 592 1976 καίτοι
623 1910 782 1994 σκέψασθε
811 1915 851 1984 ὦς
875 1911 1020 1993 ἐκόλαζον
1043 1914 1068 1978 οἱ
1093 1911 1231 1993 πρίνονοο
1255 1915 1325 1988 τοὺς

141 2017 322 2090 ὶδνκυῦντας
354 2017 493 2088 ἑαυτούς.
513 2055 555 2066 -
576 2019 678 2085 ἐκεῖνον
706 2018 903 2098 Θεμνςυκλέα
924 2019 1077 2098 λαβόντες
1101 2019 1205 2102 μεῖζον
1228 2023 1327 2086 αὑτῶν

140 2121 287 2200 ἀξιοῦντα
319 2131 438 2207 Φρονεῑν
470 2123 627 2202 ἐξήλασαν
657 2126 691 2189 έκ
721 2133 777 2200 τοῖς
804 2125 922 2199 τέλεσον
955 2127 1020 2212 [καί
1053 2125 1204 2204 μηδισμὸν
1236 2126 1328 2191 κατέ-

141 2231 292 2316 γνωταν].
326 2229 452 2296 Ultima
470 2231 567 2296 verba
586 2231 765 2297 eruditulus
785 2231 824 2298 de
842 2253 900 2298 suo
920 2232 1044 2298 eddidit
1062 2238 1095 2297 et
1105 2231 1328 2298 Demosthenis

143 2339 333 2404 sententiam
356 2356 483 2423 prorsus
504 2338 666 2422 pervertit.
713 2337 792 2405 Vide
817 2339 1018 2425 mihiquem
1041 2337 1126 2405 male
1148 2337 1225 2404 haec
1244 2339 1330 2425 cogi-

141 2449 209 2511 tata
238 2447 303 2510 sint
332 2449 364 2509 et
394 2463 560 2529 perperam
587 2445 771 2529 composita.
798 2445 875 2522 „avi
895 2445 990 2508 nostri
1017 2445 1235 2508 Plateialoclem
1257 2446 1331 2530 quic

141 2550 265 2614 mosorcr
294 2549 419 2634 spiritua
444 2549 565 2631 gerebat
593 2571 680 2634 quom
707 2549 803 2614 libero
834 2551 939 2615 civitae
960 2552 1055 2637 ferre
1077 2557 1177 2634 poscet
1199 2573 1235 2615 co
1259 2552 1331 2615 urbe

142 2658 289 2722 οἰοοοτνονί
319 2673 359 2720 ur
384 2655 601 2739 perduellionis
631 2656 864 2735 ιίοαννοοοοννοί,
897 2659 987 2742 quasi
1017 2661 1098 2722 esset
1136 2657 1224 2722 idem
1262 2677 1328 2722 esse

141 2765 391 2852 arrogantiorem
413 2766 446 2828 et
467 2761 605 2828 salutem
627 2763 748 2847 patriae
770 2763 955 2849 prodidisse.
1002 2762 1168 2829 Evertitur
1191 2765 1236 2829 sic
1260 2767 1328 2828 tota

142 2870 283 2936 Oratorie
306 2871 540 2956 argumentatio
563 2867 809 2934 demonstrantis
833 2868 912 2934 olim
936 2871 1057 2955 optime
1080 2869 1119 2934 de
1141 2870 1245 2955 patria
1265 2891 1330 2935 me

141 2980 219 3042 ritos
249 2976 284 3039 ob
314 2975 450 3040 ίουίοτονν
481 2996 586 3039 norom
614 2995 729 3062 graves
758 2994 874 3061 poenas
903 2972 1041 3059 dedisse,
1074 2995 1158 3040 nunc
1186 2975 1331 3042 homines

134 3083 329 3168 pessimorum
348 3080 527 3166 sannorum
557 3080 703 3144 ουαυίοίυε
732 3085 788 3146 aut
811 3079 934 3146 absolvi
957 3084 1013 3145 aut
1036 3082 1210 3168 perexigua
1231 3102 1332 3167 poena

141 3188 284 3256 multari.
331 3185 443 3270 Itaque
472 3184 608 3252 furcillis
639 3185 824 3271 expellenda
854 3190 928 3252 sunt
960 3185 1058 3252 verba
1092 3187 1144 3252 καί
1178 3189 1330 3267 μηδισμὸν

142 3293 354 3372 κατέγνωσαν.

185 3399 264 3467 Post
279 3419 393 3486 pauca
420 3419 496 3487 pag.
530 3396 607 3464 689.
633 3397 665 3464 4.
689 3399 777 3476 ὑμεῖς
800 3398 831 3465 δέ
856 3399 925 3472 τοὺς
950 3398 993 3464 τὰ
1016 3399 1125 3477 μένετ’
1149 3401 1331 3476 ἀδικοῦντας

142 3506 224 3593 [καί]
250 3505 389 3589 Φανεροῖς
414 3501 677 3588 ἐξελεγχομένους
698 3545 738 3554 -
757 3507 889 3589 οίφίετε,
914 3508 1161 3599 expungendum
1185 3527 1251 3572 esse
1277 3509 1332 3574 καί

143 3635 181 3681 ex
204 3612 320 3678 multis
342 3610 503 3678 similibus
527 3611 605 3677 locis
629 3612 860 3680 demonstrarit
881 3610 1054 3678 Dobraeus.

187 3854 275 3935 Quae
305 3852 459 3940 leguntur
489 3873 564 3941 pag.
599 3850 675 3918 689.
700 3851 732 3921 9.
760 3890 801 3899 -
825 3848 901 3916 690.
929 3846 980 3917 17.
1006 3855 1152 3935 suspecta
1173 3857 1248 3917 sont
1270 3853 1350 3944 Do·¹

143 3961 236 4027 braeo
260 3961 313 4025 oui
339 3959 433 4036 „loeo
454 3959 529 4022 actia
552 3958 645 4044 liquet
668 3981 704 4022 oo
731 3959 849 4045 opaco.
875 3956 930 4023 III.
951 3979 983 4044 p.
1005 3955 1058 4022 35.
1079 3958 1128 4022 ναί
1150 3957 1217 4038 περὶ
1239 3969 1331 4025 Σνντ.

146 4063 607 4149 172-3.ο·ννονροιονοννοο.”
652 4063 724 4130 Non
748 4067 910 4130 assentior.
959 4062 1066 4128 Pausa
1085 4063 1241 4149 quaedam
1258 4065 1333 4132 hino

145 4178 253 4238 sumta
284 4173 358 4256 quia
389 4173 517 4258 egregie
547 4169 730 4256 placuerant
760 4172 794 4235 in
828 4169 1032 4256 Οίρννίίίοοονο
1062 4169 1242 4254 transtulit,
1278 4173 1333 4238 sed

146 4299 225 4364 quae
248 4277 411 4364 permulta
433 4277 544 4342 eadem
568 4277 603 4341 in
623 4277 762 4342 oratione
781 4276 848 4356 τερ)
872 4271 1052 4348 Συντάξεως
1071 4272 1239 4361 leguntur,
1259 4281 1334 4362 quia

146 4387 223 4451 satis
256 4387 380 4449 constat
403 4385 597 4468 suppositam
622 4381 703 4447 hanc
726 4386 758 4447 et
782 4400 822 4446 en
844 4381 923 4447 locis
946 4379 1200 4446 Demosthenicis
1223 4383 1335 4450 confla-

147 4497 215 4560 tam
241 4491 416 4558 orationem
440 4509 520 4569 csse,
544 4509 606 4554 non
628 4492 760 4575 possunt
785 4486 913 4554 aliunde
935 4507 1031 4573 quam
1054 4485 1129 4552 hinc
1149 4507 1214 4553 esse
1227 4492 1336 4575 petita.

1169 4597 1200 4642 ee
