3308 5090
879 349 923 419 96

303 559 440 628 ponneso
471 545 631 628 scripserit
656 565 731 633 pag,
756 541 833 611 334.
857 542 906 609 δεῖ
926 543 952 608 δ’
976 540 1039 607 uiuri
1062 549 1119 617 τής
1142 539 1296 620 έλαχίτηο
1319 533 1471 620 ἄρξασθαί
1483 583 1498 611 2

303 646 539 726 ε’πιΦανετοίτής
563 648 605 715 δέ.

349 752 422 820 Non
449 760 517 820 erat
539 775 651 841 operae
680 761 822 844 pretium
844 754 1018 822 iocularem
1040 756 1126 820 hune
1149 754 1224 819 boni
1246 750 1394 818 monaehi
1414 767 1498 814 erru-

303 879 372 924 rem
401 861 607 950 redarguere,
639 866 700 929 nisi
731 864 842 930 eadem
871 883 965 947 opera
986 881 1107 949 magna
1127 859 1215 926 labes
1235 861 1328 924 initio
1349 857 1425 923 libri
1448 851 1496 919 ix

304 965 495 1052 deprehendi
523 973 640 1054 posset.
688 969 802 1036 Strabo
825 989 906 1055 quae
927 967 1010 1034 libro
1031 965 1117 1032 viii
1141 986 1214 1054 pag.
1239 964 1306 1031 334
1328 966 1496 1058 scripserat

304 1071 343 1138 de
370 1079 496 1158 ριιοίιιοτ
527 1075 722 1161 paeninsulis
745 1076 857 1141 eadem
879 1078 914 1140 in
935 1073 1019 1140 libro
1038 1072 1087 1139 IX
1108 1071 1278 1158 repetenda
1298 1091 1366 1137 esse
1388 1071 1496 1134 eristi-

302 1181 416 1243 mavit.
463 1178 629 1265 Βορήιοι
652 1188 685 1246 et
707 1186 826 1246 ιιιιίιὲοιο
849 1179 1044 1257 absolverat;
1069 1182 1302 1244 commemorat
1322 1176 1494 1254 εεοιαιᾱοιιι,

302 1283 391 1349 addit
418 1292 551 1364 ιονοὲοα,
583 1287 622 1354 de
657 1287 773 1373 quibus
804 1286 917 1352 eadem
944 1285 1022 1352 diuit
1052 1306 1132 1371 quae
1155 1305 1250 1371 supra
1270 1287 1337 1350 iam
1360 1282 1496 1348 dixerat.

301 1388 423 1456 Deinde
453 1395 639 1478 necopinato
661 1397 780 1458 omissa
807 1399 932 1478 quuriu,
964 1412 1044 1478 quae
1067 1397 1135 1457 erat
1163 1393 1309 1457 omnium
1331 1390 1494 1465 maxima,

305 1493 452 1582 (τετοίρτκ
486 1498 514 1563 δ’
545 1500 563 1573 ή
594 1498 658 1565 cirri
689 1504 744 1564 τοῦ
778 1496 994 1577 Ἀμβρακικοῦ
1024 1497 1140 1565 κίλπου
1166 1497 1217 1564 δια
1240 1505 1295 1572 τῆς
1319 1494 1416 1570 Οίτής
1440 1493 1494 1560 καί

302 1605 358 1674 τῆς
388 1602 565 1682 Τραχινίαις
597 1604 640 1676 είς
670 1603 722 1669 τδν
753 1605 921 1669 Μαλιακὸν
952 1603 1065 1670 κίλπον
1097 1606 1269 1678 καθήκοντα
1300 1600 1418 1684 ἔχουσα
1442 1599 1495 1665 τδν

303 1705 408 1785 ίσίμδν
439 1711 491 1773 καί
521 1711 580 1782 τοὶς
609 1711 815 1791 Θερμοπύλας
826 1687 962 1776 'adiecta
980 1711 1166 1796 paeninsula
1187 1714 1282 1777 tertia
1303 1729 1377 1796 pag.
1403 1706 1495 1790 334.)

303 1813 443 1880 creditur
472 1818 650 1902 scripsisse:
682 1813 741 1885 ὅτε
770 1815 822 1882 ria
851 1823 1040 1897 Κρομμυῶνα
1068 1816 1241 1897 Μεγαρέων
1272 1811 1348 1881 είνοιι
1371 1813 1425 1878 καί
1448 1815 1494 1891 μή

305 1919 468 2000 Κορινίίων.
514 1921 641 2001 Nonne,
670 1925 791 2010 siquis
814 1923 874 1989 hoe
896 1926 983 2012 agit,
1005 1922 1078 1989 luce
1100 1923 1216 1990 elarius
1238 1928 1286 1989 est
1307 1941 1410 1987 unum
1433 1922 1496 1984 rni-

303 2029 430 2092 nimum
461 2027 576 2094 folium
606 2030 820 2108 intercidisse,
849 2032 883 2093 in
915 2050 978 2113 quo
1002 2031 1041 2096 de
1063 2037 1169 2116 quartu
1190 2026 1376 2115 paeninsula
1397 2028 1494 2112 serip-

303 2137 387 2199 serat
409 2139 443 2199 et
465 2134 578 2202 deinde
600 2135 639 2202 de
661 2135 805 2224 Megaris
829 2141 862 2202 et
883 2156 960 2224 agro
983 2135 1168 2224 Megareusi
1189 2140 1334 2221 coeperat
1351 2153 1493 2218 narrare,

302 2259 365 2324 quo
390 2239 461 2306 loeo
491 2241 603 2308 verba:
635 2238 691 2311 ῶςε
717 2243 769 2306 τὸν
792 2249 981 2321 Κρομμυῶνα
1005 2241 1178 2322 Μεγαρέων
1197 2238 1274 2307 εἶναι
1296 2241 1363 2307 κτέ.
1385 2242 1494 2305 rsutis·

302 2347 383 2410 sime
413 2351 502 2411 erunt
530 2349 648 2431 posita,
677 2368 756 2433 quae
785 2369 869 2414 nunu
892 2354 1059 2434 tamquam
1083 2349 1122 2414 de
1146 2348 1232 2415 eoelo
1256 2347 1383 2433 delapsa
1405 2349 1494 2413 inex-

299 2449 479 2517 tricabilem
502 2451 724 2520 diffiuuliatem
746 2457 883 2538 pariunt.
931 2454 1098 2520 Perierunt
1120 2459 1154 2520 in
1177 2476 1215 2520 ea
1237 2453 1351 2520 launna
1372 2455 1492 2539 partim

301 2553 344 2622 τοὶ
376 2555 560 2636 Μεγαρικοί,
591 2563 623 2624 et
653 2580 732 2646 quae
763 2580 847 2625 nunu
875 2567 1044 2645 supersunt
1067 2561 1104 2627 ad
1130 2561 1249 2626 tertiam
1271 2558 1492 2645 paeninsulam

300 2663 460 2748 pertinent
488 2663 544 2737 τήν
574 2665 645 2744 πρὸς
674 2674 714 2746 πή
745 2667 963 2746 Πελοποννήσῳ
994 2666 1046 2731 καί
1077 2676 1116 2747 rii
1148 2663 1303 2744 Μεγαρίδι
1327 2678 1492 2744 προσλαμ·

301 2765 460 2845 βανονσαν
481 2769 537 2845 τήν
560 2771 705 2846 Ἀττικήν
729 2770 781 2837 καί
806 2772 861 2847 τήν
886 2771 1029 2838 Βοιωτίαν
1054 2773 1105 2839 καί
1130 2779 1185 2847 τής
1204 2771 1334 2843 Φωκίδος
1353 2793 1384 2836 τι
1402 2769 1492 2851 μέρος

305 2871 358 2938 καί
370 2879 430 2938 τῶν
453 2878 689 2955 Ἐπικνημιδίων
712 2883 846 2958 Λοκρῶν.

346 3083 416 3165 Quo
438 3087 553 3154 melius
575 3095 724 3176 appareat
745 3090 860 3156 laeuus
882 3095 915 3157 et
938 3090 1014 3175 quid
1031 3094 1066 3155 in
1086 3111 1123 3156 ea
1141 3092 1272 3177 perierit
1288 3087 1493 3178 intelligatur

301 3191 460 3258 eonsidera
483 3195 564 3260 mihi
587 3195 671 3261 hune
702 3194 810 3262 locum
832 3198 866 3260 in
892 3195 973 3262 libro
996 3195 1061 3271 IX,
1085 3217 1160 3285 pag.
1188 3194 1271 3274 391,
1296 3196 1353 3261 ubi
1375 3194 1493 3262 Strabo

302 3298 425 3366 Atticae
447 3298 524 3366 linas
546 3301 746 3368 determinat.
793 3301 944 3367 indicatis
974 3301 1098 3368 duobus
1120 3301 1273 3367 lateribus
1295 3305 1342 3367 ita
1363 3305 1489 3390 pergit:

299 3404 334 3470 τί
358 3405 389 3471 δέ
422 3408 526 3472 λοιπὸν
557 3407 612 3484 ήδκ
639 3406 675 3473 τί
699 3406 899 3487 προσάρκτιίν
920 3408 965 3474 έτι
989 3408 1134 3487 πλευρόν,
1159 3410 1222 3474 cirri
1245 3415 1301 3482 τῆς
1325 3407 1490 3487 Ὠρωπίας

299 3509 350 3576 έπί
382 3511 465 3578 δύσιν
497 3521 681 3594 παρατεῖνον
710 3513 804 3594 μέχρι
836 3521 891 3588 τής
922 3514 1099 3594 Μεγαρίδος
1124 3515 1141 3588 ή
1167 3513 1297 3588 Ἀττική
1320 3513 1412 3591 ίρεινή
1436 3537 1489 3579 πο·

298 3615 454 3696 λυείνυμίς
486 3643 534 3692 τις
567 3619 739 3699 διείργουσα
768 3622 823 3694 τήν
856 3619 1000 3684 Βοιωτίαν
1031 3621 1093 3685 oiri
1124 3626 1180 3694 τής
1213 3621 1378 3702 Ἀττικῆς,
1409 3615 1490 3698 ὥσθ’,

296 3720 422 3790 ὈΠΕΡ
468 3733 600 3791 ΕΙΠΟΝ
631 3727 702 3795 ἘΝ
732 3734 834 3791 TOIC
870 3732 1086 3810 ΠΡΟΕΘΕΝ,
1121 3726 1226 3804 ίσίμδν
1259 3727 1402 3803 γενέσθαι
1434 3727 1491 3800 τήν

298 3829 442 3895 Βοιωτίαν
460 3829 706 3910 οίμφιθοίλαττον
728 3825 819 3895 οὖσαν
836 3840 892 3906 τῆς
913 3839 1070 3898 TPITHC
1089 3833 1273 3913 χερσονήσου
1293 3839 1349 3907 τῆς
1367 3833 1492 3914 λεχίεί-

298 3959 353 4010 une
388 3935 662 4015 ἀπολαμβάνοντα
704 3935 786 4009 έντίς
822 3945 882 4002 ΤΑ
922 3939 994 4017 πρδς
1036 3948 1075 4020 τῇ
1110 3937 1327 4019 Πελοποννήσῳ
1362 3937 1419 4014 τήν
1453 3962 1491 4004 τε

298 4041 469 4122 Μεγαρίδα
501 4042 553 4108 καί
585 4044 641 4117 τήν
672 4043 829 4118 Ἀττικήν.
855 4079 897 4092 ·-
921 4045 1043 4114 ratim
1069 4040 1117 4110 οὖν
1141 4041 1274 4122 διέξιμεν
1295 4044 1491 4131 οίναλαίβίν-

298 4169 349 4219 τες
360 4194 596 4213 .............
606 4149 800 4235 π)αραλίας,
824 4150 886 4230 αφ’
911 4147 1006 4231 ήσπερ
1032 4151 1238 4226 οίπελίπομεν.

343 4252 439 4318 Μετὰ
464 4262 522 4320 ΔΗ
556 4262 745 4336 Κρομμυῶνα
775 4255 967 4337 ὑπέρκεινται
990 4265 1045 4332 τής
1069 4260 1214 4332 Ἀττικής
1239 4259 1272 4323 αί
1298 4259 1489 4338 Σκειρωνίδες

298 4355 408 4436 πέτραι
432 4361 497 4426 ari.
546 4360 616 4443 Quo
639 4365 756 4429 rectius
779 4362 839 4428 hou
862 4363 931 4430 loeo
956 4370 1086 4429 utamur
1108 4366 1196 4451 prius
1219 4365 1424 4432 eximendum
1441 4375 1490 4434 est

295 4466 469 4551 scripturae
501 4469 620 4534 vitium
657 4473 689 4534 et
712 4467 888 4558 supplenda
908 4468 1032 4536 lacuna.
1081 4469 1273 4536 Manifestus
1295 4473 1380 4537 euim
1403 4493 1490 4542 error
