3304 5090
889 345 953 420 186

365 537 447 630 Peg.
477 539 552 608 540.
599 541 739 608 Romani
768 539 969 628 Cappadoces
994 543 1110 610 liberos
1137 563 1205 609 esse
1227 544 1404 622 iusserunt;
1432 539 1457 608 οἱ
1480 539 1513 607 δὲ

322 647 585 726 πρεσβευσάμενοι
618 651 673 724 τήν
703 650 760 720 μὲν
791 649 961 729 ἐλευθερίαν
992 654 1195 734 παρῃτοῦντο,
1234 687 1276 700 -
1312 649 1453 728 βασιλέα
1482 646 1509 713 δ’

323 753 422 830 ήξίουν
453 757 558 828 αὐτοῖς
590 756 823 837 ἀποδειχθῆναι.
872 758 912 823 Oi
938 757 969 822 δὲ
993 757 1242 834 θαυμάσανΤΕΕ
1265 757 1294 820 εί
1316 779 1396 827 τινες
1420 751 1513 826 οὕτως

323 855 382 925 εἷεν
413 860 612 943 ἀπειρηκότες
640 863 711 942 πρδς
736 865 791 937 τήν
817 863 1002 942 ἐλευθερίαν,
1028 865 1202 943 ἐπέτρεψαν
1226 861 1253 927 δ’
1278 858 1326 928 οὖν
1351 863 1458 934 αὐτοῖς
1482 858 1515 936 ἐξ

324 969 438 1032 ἑαυτῶν
468 967 603 1035 ἑλέσθαι.
649 968 737 1034 Male
768 971 944 1055 composita
966 971 1043 1036 haec
1066 990 1132 1036 esse
1155 969 1253 1035 vides
1303 967 1415 1054 Itaque
1437 986 1515 1032 non·

324 1071 408 1140 nulli
432 1076 457 1139 δ’
481 1071 530 1142 οὖν
554 1080 786 1161 expunxerunt.
831 1073 940 1144 Multo
963 1075 1090 1142 facilius
1111 1093 1256 1161 repones:
1277 1076 1303 1140 ci
1320 1073 1345 1139 δ’
1368 1075 1516 1151 θθαιίμα

323 1203 382 1246 σαν
408 1218 450 1230 -
475 1181 650 1265 ἐπέτρεψαν
673 1182 700 1248 δ’
724 1178 772 1247 οὖν
797 1182 861 1247 xri.

369 1389 450 1478 Pog.
484 1389 562 1458 549.
592 1387 664 1457 είτοι
687 1389 795 1467 Σάίόι,
820 1398 893 1473 παρ’
917 1388 959 1466 οίς
982 1393 1077 1477 Φησίν
1100 1391 1289 1475 Ἀρχίλοχος
1312 1390 1368 1464 τήν
1391 1389 1516 1457 ἀσπίδα

325 1497 424 1578 ρ’ῒψμι.

463 1603 597 1688 [ἀσπιδα
620 1605 678 1684 μίν
701 1605 801 1671 Σαΐων
824 1629 871 1679 τις
895 1604 1054 1684 ἀνείλετο,
1078 1607 1133 1680 τήν
1155 1604 1242 1684 παρά
1266 1602 1370 1684 θάμνςι

511 1709 593 1784 ἔντος
617 1712 785 1790 ἀμώμητον
807 1715 960 1779 κάλλιπον
984 1714 1035 1780 οὖν
1059 1713 1194 1798 ἐθέλων]

370 1815 504 1882 Delendi
524 1822 598 1882 sunt
615 1819 799 1886 Archilochi
818 1818 967 1886 versiculi
986 1819 1025 1886 ab
1045 1818 1268 1905 interpolatore
1287 1839 1326 1884 ex
1346 1837 1422 1906 pag.
1436 1814 1514 1896 457.

325 1923 446 1988 inserti.
492 1924 702 1991 Archilochus
725 1925 865 1992 dixerat:

549 2032 657 2096 ἀσπίδι
681 2031 738 2110 μὲν
762 2032 864 2098 Σαΐων
888 2055 936 2104 τις
960 2032 1216 2113 ἀχάλλεται.

326 2140 358 2201 et
380 2133 570 2203 Strabonem
593 2137 708 2203 fefellit
731 2141 900 2217 memoria,
928 2141 984 2224 qui
1007 2139 1192 2205 substituit:

552 2243 671 2308 ἀσπίδα
694 2245 751 2322 μὲν
775 2245 877 2311 Σαΐων
900 2268 947 2320 τις
970 2245 1159 2312 ἀνείλετο
1183 2245 1238 2319 τήν
1262 2243 1326 2308 ιιτὲ.

371 2449 450 2540 Peg.
481 2451 558 2519 550.
590 2453 652 2519 duo
681 2452 779 2521 verba
807 2456 968 2540 perierunt
998 2457 1043 2521 sic
1066 2453 1259 2541 supplenda:
1284 2457 1298 2521 θ
1320 2457 1352 2522 δὲ
1377 2458 1515 2538 Σκήψιος

325 2555 395 2623 οθτε
428 2561 483 2636 τήν
513 2561 621 2628 τούτου
649 2560 739 2636 δόξαν
772 2561 870 2650 (ὩΟ)
903 2561 996 2627 ἔοικεν
1027 2559 1256 2637 ἀποδεξάμενος
1290 2563 1359 2630 οὔτε
1396 2565 1515 2652 (ΤΗΝ)

326 2669 384 2729 τῶν
416 2665 482 2747 περί
513 2668 568 2741 τήν
599 2669 765 2745 Παλλήνην
795 2667 866 2741 τοὺς
890 2667 1068 2750 ’Δλιζιθνους
1096 2668 1315 2747 ὑπολαβόντων
1340 2707 1382 2719 ·-
1406 2669 1515 2750 ὁμοίως

325 2768 464 2853 διαπορεῖ
485 2773 550 2839 ντὶ.

368 2981 448 3070 Pag.
482 2981 558 3050 550.
589 2985 807 3072 fragmentum
830 2983 984 3052 Hecataei
1006 2983 1128 3052 Milesii
1151 2988 1198 3051 sic
1221 2986 1423 3054 scribendum
1446 2993 1513 3053 est:

325 3089 397 3166 „erl
430 3089 457 3154 δ’
487 3089 618 3172 Ἀλαζίη
648 3093 720 3157 πίλι
751 3094 892 3167 ποταμθς
929 3101 1024 3158 ΕΟΤΙ
1059 3091 1225 3178 Ὀδρύσης,
1254 3094 1326 3158 “OC
1357 3093 1428 3174 ίίων
1460 3093 1513 3160 διά

326 3195 500 3274 Μυγδονίης
532 3199 636 3263 πεδίου
666 3198 730 3263 ἀπὸ
761 3197 859 3271 δύσιος
882 3199 917 3262 ἐκ
940 3209 995 3273 τῆς
1019 3199 1129 3278 λίμνης
1154 3208 1209 3275 τῆς
1235 3199 1459 3272 Δασκυλίτιδος
1482 3201 1514 3272 ἐς

327 3301 486 3368 Ῥυνδακὸν
511 3303 694 3382 θσβάλλει.”
740 3303 871 3369 Editur:
896 3303 1032 3388 ’Λλαζίιρ
1058 3343 1099 3354 -
1124 3308 1266 3383 ποταμὸς
1290 3306 1322 3371 δὲ
1344 3306 1515 3386 Ὀδριίσσης

326 3409 408 3489 ῥέων.
456 3409 493 3475 In
524 3409 614 3477 libris
642 3416 707 3476 est:
739 3412 881 3488 ποταμδς
911 3411 943 3476 δὲ
973 3411 987 3476 θ
1017 3413 1109 3492 ῥύμας
1136 3411 1202 3496 (vel
1224 3412 1346 3493 θρνμος)
1372 3412 1453 3494 ῥέων.
1478 3416 1515 3478 in

326 3534 389 3599 quo
419 3535 482 3581 non
508 3520 636 3582 tantum
667 3517 789 3606 ίδριίσης
820 3517 958 3602 latebat,
990 3517 1045 3583 sed
1067 3519 1189 3599 θδριίσης
1211 3517 1292 3584 “OQ
1339 3519 1516 3586 Notissima

326 3618 365 3686 de
388 3641 483 3688 causa
505 3623 537 3689 δέ
560 3629 592 3690 et
616 3623 660 3692 ἔτι
683 3623 791 3690 locum
818 3626 902 3690 inter
923 3645 957 3690 se
979 3629 1117 3690 mutant.

371 3832 478 3902 Nimis
506 3833 729 3901 formidolosus
759 3833 933 3900 Kramerus
960 3833 1109 3919 plurimis
1139 3831 1218 3898 locis
1245 3835 1346 3899 certae
1368 3832 1517 3899 emenda·

326 3945 428 4010 tiones
458 3945 492 4008 in
519 3945 603 4008 notis
631 3947 790 4008 memorat
820 3945 853 4006 et
883 3939 1126 4008 absurdissimas
1155 3941 1326 4026 scripturas
1359 3942 1394 4005 in
1425 3945 1516 4006 textu

326 4052 450 4115 retinet.
497 4047 608 4114 Edidit
637 4068 711 4135 pag.
743 4044 819 4112 552.
850 4046 1140 4122 ήπολεμήσλντας
1163 4048 1221 4124 μὲν
1244 4042 1278 4123 ήν
1302 4046 1429 4112 δυνατὸν
1451 4047 1516 4114 δια-

326 4156 445 4234 βαίνειν
476 4157 510 4220 ἒιο
541 4161 598 4220 τῶν
629 4158 729 4220 τόπων
760 4153 874 4218 τούτων
906 4190 949 4202 -
982 4157 1267 4234 σνμμαχήσΑντας
1294 4155 1320 4218 δ’
1344 4152 1514 4231 ἀδθνατονς

328 4257 456 4328 Clamat
485 4262 641 4328 sententia
664 4280 777 4327 verum
800 4280 867 4326 oasa
891 4263 1141 4335 πολεμήσοντας
1164 4260 1206 4324 ad
1227 4260 1334 4324 ἀυίίνινι
1353 4261 1515 4342 parendum

326 4372 360 4436 et
389 4372 676 4448 συμμαχήσοντας
706 4369 748 4431 cd
775 4367 923 4432 αιιυθίὲνια
944 4367 1120 4452 ferendam.
1168 4367 1288 4432 Auctor
1317 4375 1366 4432 est
1401 4364 1516 4434 Coralis

327 4483 365 4544 ut
382 4476 430 4542 ita
446 4475 591 4564 legatur,
613 4475 722 4561 „idque
739 4496 812 4540 eane
830 4472 964 4539 arridet’
982 4473 1138 4544 Kramaro
1157 4471 1213 4540 esd
1228 4472 1382 4560 putidum
1393 4475 1515 4544 vitium
