3348 5086
876 368 942 437 432

306 561 398 627 είπάν
421 563 466 640 μη
490 560 636 636 ποιήσητε
660 559 890 643 ἑτερόφθαλμον
912 563 967 637 την
992 559 1145 626 Ἑλλάδα.
1180 561 1306 628 intimo
1324 567 1401 629 sunt
1418 561 1497 628 Pin·

304 666 374 734 dari
400 669 511 753 Οθρσιρ.
536 667 577 733 Π.
604 667 657 734 11.

644 775 789 848 Σικελίας
813 774 842 838 τ’
866 774 939 841 ἔσαν
963 772 1137 857 θφθαλμίς.

358 995 390 1049 Β.
406 979 485 1050 496.
508 981 596 1064 παρά
619 983 661 1064 τῷ
684 982 871 1067 Εὐφορίωνο-

711 1085 807 1155 Λῦλίν
830 1092 860 1156 τ’
882 1088 1036 1172 ἓοφαγον.

347 1197 523 1263 Lenissime
546 1194 696 1261 Meineke
719 1197 879 1262 tentabat:
904 1193 1000 1263 Αὗλίν
1023 1221 1058 1262 τε
1082 1196 1141 1278 σφ’
1165 1195 1254 1277 ἀρον.
1291 1196 1362 1263 Non
1381 1199 1491 1262 minue

301 1305 367 1371 leni
398 1304 589 1370 correctione
619 1320 767 1388 reponas:
801 1300 896 1368 Αῶλίν
920 1301 951 1367 τ’
976 1305 1006 1376 ἐς
1031 1308 1170 1383 φεῦγον,
1195 1323 1333 1388 nemque
1354 1326 1377 1367 α
1401 1308 1433 1368 st
1456 1326 1490 1368 ευ

301 1412 336 1475 in
359 1408 581 1475 huiuscemodi
604 1407 695 1474 libris
717 1429 812 1475 nemo
835 1409 936 1475 oeulis
959 1409 1132 1476 discernere
1154 1412 1266 1496 possit.

346 1617 380 1671 B.
407 1603 482 1670 543.
508 1604 561 1669 καί
586 1603 599 1668 θ
623 1603 764 1685 χρησμὸς
787 1603 854 1683 περὶ
879 1607 979 1670 αὐτῶν
1002 1603 1110 1678 οὕτως·

484 1708 588 1791 ἀνδρες
612 1703 638 1776 οἳ
660 1710 839 1776 ναίουσιν
863 1709 937 1791 ὕδωρ
961 1719 1061 1785 καλῆς
1085 1711 1274 1792 Ἀρεθούσης.

301 1821 340 1886 de
355 1819 492 1904 pesitus
513 1817 636 1884 dictum
661 1823 762 1904 putes.
810 1816 974 1883 Restitue:

732 1915 759 1989 οἳ
781 1933 924 1988 ΠΙνουσιν
948 1921 1034 2002 ὕδωρ.

300 2032 340 2100 of.
372 2030 538 2097 Scholinm
570 2028 609 2095 od
642 2050 689 2096 vs.
726 2026 801 2094 761.
825 2035 858 2095 et
881 2027 1069 2096 Strabonem
1093 2049 1112 2095 e
1134 2027 1298 2096 Dindorfio
1320 2027 1490 2096 laudatum

299 2160 374 2227 pag.
398 2136 476 2206 ιιι.

347 2347 381 2400 Β.
415 2333 489 2403 755.
527 2333 725 2417 ἀπορρῶἔτ
757 2335 940 2414 Ἀρίςαρχος
972 2335 1114 2413 ὀξυτόνως
1145 2338 1184 2408 ῶς
1219 2334 1489 2418 θυλακοτράξ.

301 2442 433 2508 Dedisse
455 2442 583 2508 videtur
606 2439 787 2520 κυαμοτρώξ
808 2463 847 2506 ex
869 2442 1093 2528 Aristophane:

531 2545 672 2628 ἄγροικος
700 2548 806 2628 ἀργήν,
831 2548 1026 2629 κυαμοτριίξ,
1051 2546 1237 2629 ἀκράχολος.

298 2654 336 2719 ef.
362 2653 402 2719 ed
426 2662 462 2718 Z.
490 2651 565 2718 135.

345 2859 380 2916 Γ.
418 2849 470 2914 11.
503 2852 520 2925 ἦ
551 2850 646 2924 διπλῆ
673 2845 719 2913 ὅτι
744 2848 821 2920 τινὲς
845 2848 1001 2930 νράφουτι
1025 2849 1080 2915 σὺν
1101 2851 1142 2932 τῷ
1172 2859 1202 2916 Ν
1234 2849 1419 2928 ἀμείνων.
1444 2889 1487 2900 -

300 2951 391 3020 ἀλλοι
416 2955 447 3020 δὲ
472 2953 645 3039 γράφουσιν
668 2955 736 3020 ἀντί
761 2959 814 3019 τοῦ
838 2954 944 3030 νυκτὸς
968 2957 1092 3033 ἀμείνω.
1140 2955 1265 3021 Ultima
1286 2977 1379 3022 sensu
1403 2977 1489 3024 cassa

301 3066 385 3127 sunt.
432 3061 536 3150 Lege:
562 3060 735 3142 μράφουσιν
757 3059 850 3126 ἀνΕΤ
876 3065 929 3126 τοῦ
954 3070 984 3127 Ν
1008 3061 1113 3133 νυκτὸς
1141 3061 1302 3139 ἀμείνω.

303 3258 312 3278 ’
345 3265 379 3320 Γ.
417 3253 492 3320 156.
526 3253 668 3336 τρίγωνον
699 3255 730 3320 δὲ
763 3256 954 3336 ἐπίγραμμα
983 3262 1098 3337 πρῶτος
1120 3255 1258 3336 Ὅμηρος
1281 3257 1430 3339 γέγραφε
1453 3258 1488 3322 τὸ

300 3361 368 3440 „ori
394 3360 558 3437 νέμεσις
582 3369 611 3425 Τ
620 3361 746 3441 ρῶας”
769 3362 830 3442 ἀφ’
854 3357 913 3427 οἵου
936 3361 999 3440 ράρ
1023 3362 1115 3444 ςίχου
1139 3369 1197 3428 τῶν
1220 3371 1305 3444 τριῶν
1325 3361 1487 3444 ἀρξώμεθα

299 3467 475 3548 ἀδιάφορον.
521 3466 625 3555 Lege:
650 3469 711 3550 ἀφ’
736 3462 815 3532 ἀΤου
838 3468 902 3548 ράρ
922 3467 998 3535 *AN
1022 3471 1114 3549 ςίχου
1133 3477 1192 3536 τῶν
1210 3477 1295 3551 τριῶν
1314 3469 1485 3552 ἀρξώμεθα.

342 3671 377 3728 Γ.
403 3659 477 3727 368.
503 3663 534 3748 (η
557 3661 665 3746 διπλῆ)
686 3659 732 3727 ὅτι
752 3667 861 3743 σαφῶς
882 3662 916 3726 τὸ
942 3663 1048 3740 „ott
1072 3663 1087 3728 ἔ
1093 3662 1200 3741 βαλθ
1208 3689 1223 3727 ν
1245 3662 1336 3743 μιν”
1358 3665 1487 3749 [σημαί·

298 3768 353 3857 νει]
383 3769 451 3834 ἀντὶ
477 3773 530 3833 τοῦ
563 3768 648 3834 οὐδὲ
680 3766 876 3844 ἑπάταξα
910 3769 1045 3834 αὐτόν.
1087 3767 1243 3858 Expunge
1266 3772 1485 3856 importunum

298 3875 452 3954 σημαίνει.

342 4079 380 4136 H.
415 4068 492 4136 220.
525 4069 633 4149 μετά
665 4071 697 4136 δὲ
722 4069 845 4153 ζήτησιν
869 4071 938 4150 βίου
963 4075 1005 4144 είς
1029 4071 1138 4148 Κύμην
1161 4073 1421 4155 μετοικιζθμενος,
1446 4077 1486 4139 ad

296 4178 405 4242 οἱοίαιιι
428 4179 627 4262 quaerendum
651 4173 771 4243 Graece
794 4177 912 4242 dieitur
935 4187 1052 4244 ΚΑΤΑ
1077 4177 1201 4260 ζήτησιν
1224 4179 1304 4257 βίον.

344 4377 383 4434 Η.
415 4369 492 4435 445.
524 4370 700 4446 Ἐλληνικὸς
730 4369 768 4434 ῶν
792 4373 855 4445 θεὸς
880 4372 964 4437 δοκεῖ
983 4373 1110 4444 ἀπαθῶς
1133 4379 1192 4436 τῶν
1215 4375 1369 4450 Ἐλλήνων
1392 4399 1482 4450 καση·

299 4484 409 4558 γορεῖν.
458 4475 560 4542 Sensu
582 4498 720 4544 vacuum
744 4481 792 4544 est
815 4478 954 4552 ἀπαθῶς.
1002 4479 1207 4568 Legendum:
1231 4481 1379 4556 ἀΜαθῶς.
