3308 5090
715 375 757 451 73

119 573 370 654 σκενασμένονι.
424 572 515 640 Libri
556 593 666 641 omnes
701 573 741 639 ad
775 571 889 660 unum,¹
912 571 1070 660 'exhibent
1104 571 1322 646 ΤΡΙΑκοσίαις

118 684 298 764 τριήρεσιν,
320 678 343 744 S
363 679 448 746 solus
465 687 571 746 servat
587 681 622 745 id
638 679 721 765 quod
740 677 969 744 Demosthenes
989 678 1113 745 dixerat
1130 680 1322 751 ΔιΑκοσίας.

173 787 318 854 Mirifice
347 791 395 852 est
425 786 624 852 eruditorum
656 784 854 870 quorundam
884 787 983 863 ratio,
1017 807 1152 871 quorum
1184 785 1240 851 alii
1267 806 1324 872 pro

122 895 242 960 ἓκατίν
275 892 460 974 σσστίρσάσιιά
488 892 665 966 διακοσίας,
697 890 754 956 alii
783 897 855 976 post
879 891 986 956 ἑκατάν
1011 893 1191 959 inserebant
1213 893 1323 971 tyberi·

121 1024 247 1076 κοντα,
272 999 365 1065 credo
391 1019 430 1064 ne
459 1020 515 1064 rex
537 998 706 1064 Persarum
733 997 885 1062 historiae
907 998 1087 1083 imperitior
1110 1020 1176 1064 essa
1199 1005 1324 1086 putare

123 1113 195 1172 tur.
243 1108 385 1192 Apparet
414 1125 466 1171 eos
496 1124 558 1170 non
581 1124 648 1169 esse
672 1108 809 1169 oratores
831 1107 933 1189 nequ‘e
958 1103 1034 1168 adeo
1058 1125 1162 1170 mores
1186 1111 1218 1170 et
1241 1110 1324 1170 artes

124 1215 287 1279 oratorias
310 1215 387 1278 eatis
410 1211 555 1299 cognitae
577 1209 703 1276 hahere.
750 1209 983 1276 Demosthenes¹
999 1209 1059 1276 hoo
1079 1213 1148 1298 agit
1170 1217 1207 1276 ut
1231 1231 1325 1296 appa·

124 1323 201 1386 reat
225 1317 360 1384 classem
381 1318 628 1384 Atheniensium
650 1336 734 1380 nuno
758 1335 824 1380 esse
848 1315 987 1379 maiorem
1010 1336 1106 1402 qnam
1130 1316 1228 1382 fuerit
1248 1315 1325 1382 olas·

127 1427 176 1491 sis
208 1429 375 1493 universae
416 1420 585 1500 Graeciae,
624 1441 703 1506 quae
734 1419 904 1486 Persarum
939 1424 1075 1487 maiores
1112 1426 1201 1489 tanta
1236 1421 1325 1488 clade

127 1533 293 1598 afflixerit.
340 1531 474 1596 Necesse
494 1532 598 1594 estut
619 1548 751 1594 numero
770 1528 887 1592 minori
905 1529 1090 1613 respondeat
1109 1531 1220 1595 maior.
1252 1529 1325 1594 Non

126 1643 258 1724 poterat
287 1636 390 1702 dicero
420 1641 606 1718 τριακοσίαις
632 1671 675 1683 -
698 1634 917 1714 τετρακοσίας,
951 1637 1026 1720 quia
1056 1637 1133 1701 satis
1162 1636 1326 1702 constabat

127 1746 313 1810 maximam
331 1743 577 1809 Atheniensium
596 1739 729 1806 classem
749 1747 944 1804 trecentarum
964 1743 1097 1807 navium
1108 1741 1216 1807 fuisse.
1239 1740 1325 1827 Ergo

129 1857 202 1917 erat
225 1849 389 1935 reliquum
411 1854 448 1913 nt
472 1847 640 1920 διακοσίαις
665 1846 801 1930 diceret,
825 1846 909 1930 quod
934 1845 1066 1913 obscura
1090 1848 1256 1914 doctorum
1280 1846 1326 1911 di·

127 1957 270 2046 ligantia
292 1955 438 2021 funditus
461 1953 647 2038 delevisset,
670 1955 734 2018 nisi
757 1948 865 2019 Codex
888 1949 911 2017 S
936 1952 1063 2018 tulisset
1083 1973 1185 2038 opem.

179 2168 263 2259 Peg.
279 2166 356 2235 186.
382 2166 435 2234 17.
460 2168 532 2244 ἡμῖν
556 2165 587 2231 δὲ
610 2165 645 2229 τά
669 2173 723 2241 τῆς
747 2164 853 2245 χώρας
876 2163 1002 2242 τίμημα
1024 2162 1163 2246 ὑπάρχον
1184 2165 1327 2246 άφορμῆν

134 2273 301 2362 [ἑξακόσια
325 2273 484 2362 τάλαντα]
519 2271 695 2338 άκοιίοεται.
743 2270 944 2357 interstrepit
968 2269 1101 2356 sciolus,
1126 2273 1181 2356 qui
1213 2274 1326 2336 memi-

133 2388 225 2448 nerat
254 2403 289 2447 se
317 2380 424 2469 legere
454 2400 527 2467 pag.
554 2375 628 2443 183.
656 2377 686 2443 5.
711 2377 746 2441 τὸ
769 2377 896 2455 τίμημά
922 2377 967 2446 ἔτι
992 2380 1025 2441 τὸ
1049 2385 1104 2451 τῆς
1128 2377 1231 2458 χώρας
1257 2375 1328 2454 ἐξα

134 2487 297 2568 κιοχιλίιιν
320 2487 494 2552 ταλάντων.
542 2483 677 2551 Summo
698 2487 767 2550 inre
790 2481 976 2550 Sohaeferus
1000 2486 1146 2569 ineptum
1169 2482 1328 2550 emblema

133 2595 300 2681 expunxit.
348 2591 435 2658 Scire
466 2591 565 2658 velim
600 2593 707 2677 eequis
740 2593 783 2656 sit
818 2592 874 2676 qui
908 2610 970 2656 non
1003 2593 1121 2656 sentiat
1154 2611 1250 2676 quam
1285 2591 1328 2655 sit

133 2699 359 2766 huiuscemodi
382 2698 638 2764 additamentum
663 2696 847 2763 absurdum.
895 2694 1016 2761 Tamen
1040 2698 1074 2760 in
1098 2698 1329 2783 antiquissimis

133 2805 227 2872 libris
258 2803 424 2870 inficetum
454 2802 614 2892 glossema
643 2806 710 2869 iam
740 2803 960 2888 comparebat,
989 2802 1085 2888 idque
1109 2823 1191 2869 novo
1213 2802 1329 2866 mendo

134 2919 280 2979 auctum.
326 2909 413 2975 Audi
442 2908 743 2994 Harpocrationem:
778 2909 854 2973 ‘Orc
886 2907 1089 2989 ἑξακισχίλια
1121 2905 1154 2984 ἦν
1182 2906 1330 2972 τάλαντα

135 3020 170 3084 τὸ
200 3019 330 3098 τίμημα
359 3025 414 3091 τῆς
445 3018 593 3089 Ἀττικῆς
628 3014 820 3093 Δημοσθένης
853 3015 882 3078 ἕν
914 3014 956 3095 τῷ
985 3015 1051 3094 περί
1076 3021 1135 3080 τῶν
1159 3014 1330 3094 συμμορίαι

135 3125 230 3206 φησίν
254 3118 367 3195 ὅντως·
401 3123 517 3201 „sipia
549 3122 586 3187 δὲ
617 3123 658 3186 τὸ
690 3131 758 3197 τῆς
783 3121 917 3203 χώρας
942 3120 1106 3200 τίμημα
1134 3121 1330 3204 ὑπάρχειν

136 3232 324 3314 άφορμίιν
360 3230 721 3308 ὈΚΤΑκισχίλια
751 3227 946 3292 τάλαντα
978 3227 1234 3295 άκνάσεται.”
1265 3233 1329 3308 ἤτοι

136 3336 185 3404 οὖν
215 3334 373 3417 χραφικίν
404 3332 580 3414 άμάρτνμά
611 3335 673 3403 ε’ςιν
705 3335 769 3399 κτὲ.
814 3331 1063 3420 Harpocration,
1097 3341 1133 3399 ut
1163 3338 1200 3399 tu
1222 3337 1329 3416 vides,

138 3441 276 3508 absurda
297 3441 458 3526 loquitur,
480 3440 616 3506 sednon
639 3460 697 3505 suo
720 3441 812 3505 vitio.
859 3437 988 3506 Lacuna
1007 3448 1099 3507 retus
1118 3440 1176 3505 has
1194 3444 1331 3528 ineptias

136 3551 270 3636 peperit.
317 3545 441 3612 Notabo
468 3548 579 3631 paucis
603 3547 760 3631 quomodo
785 3567 834 3612 res
857 3547 985 3610 restitui
1008 3548 1124 3630 possit:
1160 3544 1234 3612 “Ore
1257 3548 1330 3624 ἑξα-

138 3656 284 3736 κισχίλια
317 3648 350 3727 ἦν
381 3651 527 3717 τάλαντα
551 3653 585 3717 τὸ
610 3652 737 3731 τίμημα
761 3661 815 3728 τῆς
840 3652 987 3726 Ἀττικῆς
1013 3651 1207 3729 Δημοσθένης
1232 3655 1263 3718 ἐν
1286 3655 1328 3735 τῷ

139 3761 205 3841 περί
233 3765 293 3825 τῶν
318 3764 489 3840 συμμοριῶν
513 3757 607 3840 <baria
628 3755 738 3831 οὕτως·
764 3758 834 3843 („rd
859 3756 987 3836 τίμημά
1012 3758 1057 3827 ἕςι
1081 3760 1114 3822 τὸ
1142 3769 1197 3836 τῆς
1224 3759 1328 3841 χώρας

139 3863 358 3946 ἑξακισχιλίων
388 3862 581 3949 ταλάνταν”)
607 3865 757 3943 λογισμὸν
780 3865 880 3929 αὐτῶν
906 3862 1002 3935 διδοὺς
1023 3864 1166 3937 ποικίλως
1187 3867 1251 3952 (ὥς)
1276 3867 1328 3932 καί

140 3971 305 4054 Φιλόχορος
338 3972 367 4034 ἐν
397 3969 514 4052 δεκάτῳ
545 3971 699 4042 Ἀτθίδος·
733 3971 764 4034 ἓν
794 3970 824 4036 δὲ
853 3977 914 4043 τοῖς
940 3970 1009 4047 ἑξῆς
1034 3975 1087 4036 τοῦ
1112 3970 1206 4050 λάχον
1234 3971 1328 4053 φησίν

140 4075 249 4152 οὕτως·
284 4079 397 4156 „ipio
429 4076 467 4141 di
490 4075 530 4142 rb
554 4084 625 4152 τῆς
649 4077 774 4158 χώρας
799 4079 961 4154 τίμημα
986 4077 1185 4160 ὑπάρχειν
1209 4079 1329 4161 άφορ·

139 4187 212 4265 μὴν
237 4182 541 4263 ὀκτακισχίλια
564 4181 755 4249 τάλαντα
779 4182 1036 4249 άκοάσεται.”’
1081 4183 1174 4250 Nunc
1197 4185 1329 4252 demum

140 4293 316 4357 rectissime
338 4288 482 4355 additur:
508 4289 570 4365 ἤτοι
597 4298 685 4355 ΟΤΝ
711 4290 864 4372 χραφικὸν
890 4288 1066 4372 άμάρτνμά
1090 4291 1151 4358 ἒςιν
1172 4292 1237 4358 κτὲ.

183 4395 338 4464 Videmus
361 4397 465 4482 igitur
487 4397 554 4462 iam
574 4398 650 4462 vivo
674 4393 940 4482 Harpocratione,
973 4397 1028 4481 qui
1052 4392 1223 4464 (lodicibus
1246 4399 1330 4465 Atti·

141 4505 238 4572 ciaais
260 4523 338 4569 naus
361 4506 428 4588 est,
453 4507 485 4568 et
504 4501 718 4570 insulsissima
734 4502 952 4569 additamento
969 4504 1003 4568 in
1023 4506 1149 4570 textum
1168 4505 1330 4591 irrepsisse
