3348 5086
323 568 378 635 sed
401 590 420 635 a
442 569 581 635 Pindaro
611 589 700 634 secus
725 568 928 637 intellectum
953 590 1020 636 esse
1043 571 1169 657 arguit,
1193 574 1226 635 et
1249 570 1333 657 quod
1356 567 1522 636 Homerus

323 676 539 761 metaphorice
570 676 703 740 dixisset
733 676 768 741 id
790 697 810 742 a
831 677 969 744 Pindaro
993 678 1118 764 proprie
1141 697 1208 743 esse
1233 683 1410 763 acceptum.
1458 675 1523 741 Ex·

323 787 478 867 punxerat
499 787 608 846 autem
627 803 756 848 versum
775 784 1025 868 praecedentem.
1066 781 1150 863 Quid
1174 779 1359 848 Behherusl
1383 779 1522 848 Versum

322 890 502 976 genuinum
525 887 648 972 expulit
672 894 704 954 et
729 909 824 974 quem
847 891 1051 956 Aristarchus
1075 889 1166 955 obelo
1195 895 1360 955 notaverat
1383 886 1523 955 fideliter

323 995 464 1059 servavit
481 993 651 1059 manifesto
671 994 821 1081 deceptus
838 1016 857 1061 a
874 993 1053 1064 Scholiasta
1071 995 1203 1062 Pindari
1222 1015 1417 1083 quamquam
1444 1015 1522 1060 eum

323 1118 387 1164 non
414 1101 566 1166 nominat.

859 1329 989 1396 LXXV.

688 1556 957 1608 ramosrmouus
980 1556 1152 1607 courusln.

371 1749 574 1836 Quamquam
605 1773 669 1819 non
700 1753 811 1819 eadem
842 1753 881 1818 da
912 1772 1006 1818 causa
1038 1756 1147 1818 tamur
1170 1750 1281 1817 eodem
1302 1749 1397 1837 plane
1422 1749 1521 1816 modo

324 1861 357 1922 et
389 1858 425 1922 in
455 1860 596 1944 antiquis
630 1858 919 1925 Alexandrinorum
948 1857 1040 1924 libris
1072 1863 1105 1924 at
1135 1860 1169 1923 in
1199 1859 1315 1923 nostris
1346 1853 1520 1923 (lodicibus

324 1967 426 2028 certae
450 1963 607 2049 quaedam
629 1968 874 2052 praepositiones
896 1985 988 2052 saepe
1006 1967 1090 2032 inter
1109 1985 1143 2031 sa
1163 1964 1408 2031 confunduntur.
1441 1962 1519 2028 Pas-

323 2072 385 2134 sim
415 2071 451 2135 in
481 2075 598 2138 nostris
627 2071 713 2137 κοντοὶ
738 2077 771 2138 at
794 2071 878 2148 aava
901 2076 1030 2137 mutant
1051 2074 1136 2136 inter
1158 2091 1192 2136 se
1214 2069 1341 2136 locum:
1364 2069 1454 2136 idem
1478 2089 1519 2134 ex

323 2173 500 2240 Aristarchi
522 2179 761 2244 commentariis
784 2199 847 2244 non
872 2199 942 2244 raro
966 2180 1185 2266 cognovimus.

368 2292 408 2346 A.
434 2280 511 2348 424.
556 2283 661 2366 χθιζὸς
685 2282 744 2363 ἔβη
770 2285 879 2350 κοντοὶ
902 2285 1007 2350 baira.

369 2397 409 2454 A.
434 2385 510 2453 484.
557 2385 652 2455 lacero
672 2389 780 2456 κοντοὶ
804 2388 925 2472 ecardo.

367 2492 546 2582 Didymus:
570 2496 753 2578 ’λοίτκρχος
779 2495 907 2582 κατά,
932 2498 965 2562 οὐ
988 2495 1106 2573 μετά.
1130 2497 1183 2563 κον)

665 2651 682 2680 ,,
693 2601 796 2685 χθιζὸς
821 2601 880 2683 ἔβη
905 2603 989 2669 κοντοὶ
1013 2602 1142 2670 doira?

369 2717 402 2772 B.
429 2704 507 2774 163.
553 2707 591 2773 tta
616 2713 667 2774 νῦν
691 2711 777 2775 κοντοὶ
802 2709 886 2775 λαόν.

369 2811 553 2880 Scholium:
578 2813 746 2893 ον’μτκοκν
769 2811 854 2896 εἶχον
879 2815 986 2881 κοντοὶ
1009 2814 1127 2902 sads,
1152 2814 1220 2879 olori
1246 2817 1299 2879 τοῦ
1323 2812 1440 2891 uerat.

284 2979 287 2984 .
370 2928 411 2986 N.
436 2919 513 2989 227.

527 3025 558 3100 ὅς
580 3033 618 3110 p‘a
642 3029 704 3095 νέον
728 3029 872 3108 πολέμοιο
896 3030 982 3110 μετὰ
1006 3029 1093 3103 κλέος
1118 3027 1298 3103 εἰληλούθει.

367 3131 551 3199 Scholium:
577 3133 783 3219 Ἀροςοφοὶνκς
806 3145 925 3204 ΚΑΤΑ
950 3137 1048 3210 κλέος.

368 3249 409 3305 Α.
436 3236 512 3306 364.

457 3347 567 3423 γήμας
590 3348 617 3413 δ’
640 3351 674 3414 ἐκ
698 3349 849 3426 θαλάμοιο
874 3349 959 3426 μετὰ
984 3347 1072 3421 κλέος
1097 3347 1173 3415 ἵκετ’
1194 3350 1346 3430 Ἀχοοοῶν.

321 3449 405 3516 nihil
434 3457 579 3532 notatur,
610 3454 665 3521 sed
695 3455 801 3522 multa
829 3456 963 3521 suadent
985 3460 1023 3521 ut
1046 3455 1173 3522 credam
1195 3461 1313 3520 ΚΑΤΑ
1337 3450 1425 3526 κλέος
1449 3473 1517 3518 esse

321 3557 491 3624 lectionem
514 3561 749 3628 Aristarcheam
774 3582 907 3648 eamque
931 3562 1101 3647 utrobique
1123 3560 1342 3647 reponendam.

368 3663 447 3745 Quis
469 3671 578 3731 autem
603 3666 766 3733 dubitabit
789 3671 824 3732 in
846 3668 937 3733 Iliad.
961 3676 1002 3732 T.
1028 3666 1103 3732 346.

549 3773 575 3836 οἱ
598 3771 628 3837 δὲ
653 3774 688 3847 δὴ
713 3771 803 3839 ἄλλοι
831 3774 982 3854 Οἷχοντοοο
1002 3782 1127 3840 ΜΕΤΑ
1155 3773 1285 3838 δεῖπνον.

320 3897 468 3962 reponere
489 3878 524 3943 id
546 3878 631 3963 quod
653 3881 699 3944 rei
720 3885 834 3945 natura
856 3885 889 3946 et
911 3880 1037 3946 dicendi
1059 3900 1137 3946 usus
1158 3879 1324 3968 flagitant:

684 3985 821 4065 οἷχοντοοο
846 3995 963 4052 ΚΑΤΑ
987 3985 1123 4062 δεῖπνον,

321 4089 357 4154 id
380 4093 429 4155 est
451 4089 669 4165 δειπνήσοντες.

726 4299 802 4366 Ἐπί
826 4339 867 4350 -
893 4301 982 4382 προτί
988 4350 997 4380 ,
1024 4302 1107 4368 τοτί.

367 4405 436 4470 Hae
456 4426 580 4491 quoque
592 4409 839 4493 praepositiones
860 4409 892 4472 in
904 4407 1038 4474 Homeri
1052 4407 1247 4474 carminibus
1259 4407 1515 4493 frequentissima

319 4516 404 4580 inter
425 4532 459 4578 se
481 4514 609 4578 misceri
631 4511 765 4580 videbis.
800 4512 838 4578 In
857 4514 917 4580 hac
937 4515 1118 4582 conluuione
1137 4536 1200 4580 nou
1217 4515 1374 4580 sententia
1392 4511 1516 4578 laborat
