3308 5090
682 357 745 428 lae

669 553 770 632 φίλως
794 552 833 620 ἄν
857 556 1028 633 potissim

328 665 410 737 τρεῖς
433 661 515 735 μνᾶς
539 658 704 730 ἀναλώσας
729 661 917 737 λογίσασθαι
942 658 1081 726 δώδεκα.

162 762 265 847 Apud
287 762 453 828 Demosth.
473 784 547 851 pag.
570 761 624 828 52.
648 762 700 829 12.
720 767 862 848 νὶπνχρνῑν
881 767 966 839 ictuc
988 769 1070 845 ὑμῶν
1090 764 1128 831 ἄν
1147 790 1198 842 μοι
1219 765 1318 831 δοκεῖ.

116 871 240 933 caeteri
264 871 365 944 δοκῆς,
390 867 422 934 S.
447 868 535 935 solus
559 868 652 935 δοκεῖ.
678 891 752 960 pag.
778 871 856 938 027.
881 870 936 938 26.
960 874 999 944 ὥς
1021 871 1048 937 δ’
1072 871 1111 937 ἄν
1134 895 1184 951 μοι
1205 873 1321 938 δοκεῖτε

118 977 240 1056 -ῥᾷςνε
270 979 403 1052 μαθεῖν,
437 973 470 1042 S.
504 975 636 1040 δοκεῖτε.
669 975 725 1042 alii
756 977 874 1051 δοκῆτε.
922 979 1018 1064 Apud
1050 977 1220 1044 leocratem
1242 999 1318 1067 pag.

118 1079 149 1144 4.
171 1101 206 1145 Δ.
234 1099 359 1158 omnes,
387 1084 484 1147 etiam
508 1080 662 1160 Urbinas,
689 1082 857 1148 exhibent:
882 1082 918 1147 δι’
942 1079 979 1148 ὦν
1002 1083 1042 1148 ἄν
1063 1107 1114 1162 μοι
1138 1083 1252 1159 δοκοίης
1278 1123 1321 1134 -

116 1195 251 1255 rasicae
282 1188 455 1253 ἐπιδοῦναι.
481 1209 583 1254 errore
611 1190 789 1255 manifesto.
837 1189 966 1254 Primus
989 1193 1134 1256 omnium
1157 1189 1322 1257 Bekirerus

116 1291 217 1366 δοκεῖς
255 1297 375 1379 requiri
410 1296 519 1360 sensit.
574 1296 714 1380 Apparet
751 1301 958 1362 correctorem
993 1295 1134 1382 aliquem
1167 1296 1221 1362 hic
1255 1317 1322 1362 esee

116 1411 314 1485 grmsatum.
361 1401 435 1467 Non
468 1400 657 1490 intelligunt
691 1402 730 1468 ἂν
766 1437 785 1452 -
799 1403 952 1467 ἐπιδοῦναι
987 1423 1054 1470 essa
1088 1405 1256 1470 coniuncta
1289 1409 1322 1468 et

116 1511 242 1571 temere
265 1527 302 1571 ac
326 1506 424 1573 stulto
445 1514 589 1572 veterem
613 1510 806 1592 scripturam
827 1507 1030 1595 interpolant.

163 1609 231 1692 Qui
263 1613 364 1678 semel
394 1613 576 1678 admonitus
606 1616 690 1678 inter
717 1613 889 1701 legendum
915 1614 975 1679 hoc
998 1620 1073 1701 aget
1094 1612 1215 1680 multos
1237 1613 1321 1681 locos

116 1729 305 1804 reperturus
338 1729 387 1784 est
418 1719 527 1785 eadem
553 1721 744 1786 correctione
765 1720 961 1807 indigentes,
985 1728 1023 1784 ut
1045 1722 1129 1806 apud
1153 1720 1321 1788 Platonem

118 1827 151 1888 in
180 1827 307 1906 Protap.
341 1824 418 1890 351.
448 1843 476 1890 a.
502 1827 555 1890 οὐκ
580 1822 612 1890 εὖ
639 1827 677 1888 ἄν
701 1848 746 1890 cor
770 1825 979 1891 desaisire
1003 1825 1205 1904 {iseronem
1232 1837 1265 1893 et
1286 1830 1321 1892 in

119 1931 232 2016 Lyside
263 1930 341 1996 206.
373 1951 404 1998 Α.
436 1931 521 2003 ποῖός
555 1955 602 2003 τις
634 1930 673 1997 ἄν
695 1955 740 1996 σον
766 1932 876 1997 δοκεῖ
898 1932 1039 2010 θηρευτὴς
1064 1929 1160 2017 ἄναες
1183 1934 1220 1997 de
1244 1934 1320 2018 Rep.

120 2036 196 2103 493.
231 2055 260 2104 c.
294 2041 349 2103 οὐκ
379 2037 492 2109 ἄτοπος
518 2037 556 2103 ἄν
579 2062 623 2104 ror
651 2038 762 2104 δοκεῖ
782 2035 859 2102 εἶναι
884 2037 1067 2123 recisuram
1093 2037 1191 2104 Recte
1214 2035 1321 2106 Codex

117 2141 220 2212 Paris.
245 2147 284 2210 A.
310 2145 400 2210 ioasi.
447 2144 594 2211 Editores
616 2165 681 2210 non
705 2144 850 2210 audiunt.

337 2389 447 2460 ὀπως
472 2405 512 2452 nr
536 2383 615 2457 ὅπως
639 2388 683 2464 μή
709 2403 775 2454 cun
798 2403 923 2451 rcruao
944 2402 1096 2452 umorum

164 2571 242 2636 Loci
283 2577 359 2638 eunt
401 2570 652 2636 innumerabiles
693 2574 727 2635 in
766 2570 915 2636 omnibus
949 2570 1094 2658 omnium
1130 2571 1320 2656 scriptorum

119 2675 310 2748 Codicibns.
346 2678 403 2743 ubi
434 2678 581 2742 futurum
612 2683 685 2762 poet
716 2673 794 2748 ὅπως
828 2681 860 2741 et
891 2672 970 2748 ὅπως
1002 2678 1046 2752 μὴ
1069 2680 1102 2742 in
1126 2680 1320 2744 coniunctivi

120 2787 275 2850 aoristum
307 2805 474 2871 perperam
511 2791 543 2850 et
576 2787 691 2849 vitione
727 2803 915 2849 conversum
949 2789 1007 2848 est.
1063 2783 1192 2849 Abierat
1227 2792 1321 2849 vetus

121 2895 310 2976 compositio
344 2894 378 2955 in
414 2891 673 2974 desuetudinem,
708 2891 793 2955 unde
823 2890 945 2955 factum
977 2895 1025 2954 est
1058 2895 1095 2954 ut
1125 2890 1244 2955 scribae
1279 2890 1320 2956 ad

121 2999 306 3084 aequalium
328 2999 486 3070 συνήθειαν
507 2996 735 3063 delaberentur.
781 2994 890 3068 Ὅπως
915 3003 948 3062 et
971 2991 1050 3066 ὅπως
1074 2998 1118 3071 μὴ
1139 2997 1267 3061 icamia
1288 3002 1321 3062 et

121 3107 251 3170 edentia
268 3108 337 3170 sinc
356 3103 425 3170 ulla
445 3107 628 3188 exceptione
650 3125 774 3188 semper
793 3107 826 3167 et
844 3103 964 3188 ubique
984 3102 1131 3166 futurum
1142 3102 1317 3179 habebant,

123 3207 199 3282 ὅπως
224 3212 353 3291 παρέσει
378 3235 450 3286 μοι,
476 3205 555 3280 ὅπως
581 3211 625 3286 μὴ
646 3211 736 3290 ἐρεῖς,
765 3205 843 3277 ὅπως
869 3232 927 3286 μου
948 3212 992 3283 μὴ
1014 3217 1171 3287 κατερεῖς,
1194 3215 1227 3273 et
1245 3213 1317 3274 sim.

124 3317 252 3384 Scribac
286 3316 339 3383 vol
374 3337 449 3384 oum
484 3317 622 3380 immani
656 3315 853 3381 barbarismo
891 3314 930 3380 ds
960 3335 1048 3380 more
1079 3317 1319 3380 coniunctivnm

123 3426 324 3490 substituunt
358 3425 444 3506 ε’ρῡς,
480 3431 632 3506 καρτερῆς,
668 3424 766 3487 etiam
796 3423 831 3485 in
861 3423 992 3506 optimis
1028 3426 1060 3486 ot
1092 3423 1320 3486 vetustissimis

124 3527 305 3596 Godioibus.
352 3529 509 3595 Homines
537 3529 620 3594 docti
654 3528 693 3592 ob
717 3527 929 3614 frequentiam
953 3525 1172 3612 exemplorum
1196 3528 1321 3611 saepius

124 3637 214 3702 dubii
243 3638 386 3702 haerent.
434 3636 538 3716 Quam
568 3632 652 3699 nihil
680 3637 714 3704 in
747 3634 864 3700 talibus
892 3637 935 3699 sit
957 3633 1149 3698 credendum
1170 3631 1262 3697 libris
1284 3630 1322 3698 hi

125 3744 209 3830 apud
234 3742 408 3808 Liberium
433 3743 496 3808 loci
520 3741 791 3807 demonstrabunt.

168 3848 261 3916 Tem.
287 3847 312 3914 1.
337 3847 390 3924 82,
415 3843 494 3919 ὅπως
520 3849 722 3924 dedicamur.

284 3955 309 4021 1.
337 3953 411 4019 181.
436 3951 516 4026 ὅπως
543 3954 718 4028 desiccaret.

285 4059 338 4126 IV.
365 4059 418 4126 54.
443 4056 524 4132 ὅπως
548 4056 810 4135 incitatiorem.

286 4166 340 4234 IV.
365 4165 440 4232 260.
468 4164 547 4237 ὅπως
573 4163 772 4242 ἐντεύξενμννε.

287 4273 341 4340 lv.
369 4272 445 4340 518.
471 4269 551 4343 ὅπως
576 4275 778 4337 duodecima.

286 4379 338 4446 IV.
366 4379 463 4446 1002.
490 4375 569 4452 ὅπως
593 4379 799 4445 castraturae.

289 4487 342 4554 lv.
368 4487 446 4552 451.
469 4483 549 4559 ὅπως
574 4486 801 4570 ὶφννρνὶεητννν.
