3356 5086
884 336 948 405 272

369 542 408 597 Ψ.
435 531 512 600 420.

726 637 880 719 χειμέριον
903 635 991 700 ιοιλέν
1016 633 1100 715 ὕδωρ.

369 755 405 810 Φ.
432 742 508 810 534.

546 849 614 914 ἑνιεί
636 854 664 914 κ’
689 850 718 924 ἐς
744 857 848 928 τεῖχος
869 847 1083 913 ἀναπνεύσωσι
1106 845 1259 919 ιιιλένσες.

366 963 401 1019 Φ.
428 953 504 1020 607.

635 1062 733 1126 σύλοιι
757 1061 783 1125 δ’
807 1059 964 1138 ἔμπληντο
987 1059 1146 1127 ιοιλέντων.

365 1177 401 1232 Χ.
427 1165 480 1233 47.

678 1273 786 1353 Τρώων
810 1274 838 1345 ές
863 1272 936 1341 roten
957 1270 1116 1338 ιωλέντων.

362 1377 543 1444 Perfectum
566 1382 730 1465 passivum
754 1385 802 1444 sot
823 1377 984 1455 ιέιελμιοι,
1009 1382 1047 1442 ut
1071 1376 1246 1455 ἤγγελμοιι.
1273 1387 1318 1442 Ω.
1344 1374 1419 1441 662.

587 1486 685 1550 ιοῖσέοι
707 1486 771 1566 γοίρ
794 1487 831 1558 eir
857 1485 943 1554 κοινοὶ
965 1483 1040 1553 ιοίςιι
1064 1482 1234 1560 refermus.

366 1598 412 1654 M.
441 1588 494 1654 38.

609 1697 709 1772 νννσίν
733 1698 781 1762 έπί
807 1702 988 1780 γλαφυρῇσι
1013 1693 1186 1772 ιειελμένοι.

360 1809 401 1866 N.
428 1800 503 1867 524.

700 1913 770 1982 Διὸς
795 1911 923 1993 βουλῇσι
949 1909 1126 1987 ιειελμένοι.

361 2025 395 2080 Σ.
422 2013 500 2082 287.

518 2119 536 2196 ἦ
558 2123 639 2188 οὔπω
664 2122 824 2202 κεκόρησθε
848 2121 1011 2200 ιειελμένοι
1037 2119 1125 2186 ἔνδοθι
1151 2107 1303 2201 σύργωνρ

357 2228 469 2294 Nonne
501 2249 539 2292 ex
575 2231 722 2294 omuibus
756 2230 807 2294 his
840 2228 951 2293 formis
981 2226 1160 2293 luculenter
1190 2233 1319 2313 apparet
1349 2248 1429 2313 quse
1459 2229 1503 2292 sit

313 2334 410 2418 proba
439 2340 471 2399 et
499 2338 629 2419 antiquo
651 2337 824 2419 proesentis
848 2331 971 2398 formet
998 2335 1107 2397 κέλσαι
1132 2352 1152 2398 u
1174 2335 1274 2397 κέλλω
1299 2338 1361 2417 est,
1387 2335 1503 2408 ἐσοίλνν

313 2460 333 2502 u
362 2439 480 2516 ςέλλω,
511 2441 677 2516 ἤγγελμοιι
702 2438 741 2503 eb
766 2437 936 2516 οἰγγέλλω,
962 2458 1036 2525 ergo
1060 2445 1092 2502 et
1115 2439 1237 2523 ιέλσοιι,
1261 2440 1382 2516 ἔιοὶλνν,
1407 2440 1503 2504 σέσελ-

312 2568 372 2623 μοι
403 2566 464 2611 non
489 2545 615 2610 aliunde
639 2565 735 2630 quom
760 2565 798 2609 ex
822 2543 915 2609 ιέλλω
940 2550 972 2609 et
995 2545 1141 2620 ιέλλομοιι
1165 2550 1319 2632 prognota
1343 2566 1408 2610 esse
1431 2565 1501 2630 pos-

312 2655 396 2716 sunt.
444 2649 531 2730 Quae
552 2652 650 2716 verbe
672 2654 706 2715 in
731 2639 832 2736 priseo
856 2651 954 2735 Epicu
978 2669 1121 2715 sermone
1145 2651 1180 2713 τὸ
1204 2650 1353 2728 δι’γοιμμω
1381 2651 1501 2716 hahent

312 2755 488 2841 praefixum
512 2777 549 2821 ea
570 2777 662 2842 saepe
682 2757 806 2822 ridebis
824 2759 858 2820 in
878 2759 986 2822 Attice
1004 2777 1061 2840 pro
1078 2779 1107 2819 rr
1126 2756 1241 2821 hahere
1262 2757 1499 2844 diphthongum

315 2871 353 2926 ΕΙ
383 2868 422 2927 ut
444 2863 569 2928 ιελίσοω
594 2863 736 2930 εἰλίσσω.
763 2869 795 2928 et
818 2867 863 2928 sio
886 2862 1089 2940 εἰργαζόμην,
1116 2862 1231 2940 εἰςίων,
1257 2861 1360 2943 εἰέιζον
1383 2869 1415 2927 et
1438 2863 1501 2928 ulio

312 2975 387 3033 uate
409 2973 494 3033 sunt.
540 2968 625 3033 Hine
649 2967 794 3045 ιε’λλομιιι
819 2969 903 3053 opud
926 2969 1134 3034 Athenienses
1159 2977 1315 3044 ΕΙλλομοιι
1339 2974 1372 3033 st
1394 2973 1498 3034 Ἴλλο-

312 3097 371 3150 μοι
403 3075 533 3139 sonabat
556 3100 564 3139 ι
587 3076 751 3160 producto.
797 3073 905 3139 Multo
928 3075 1001 3138 hine
1025 3075 1199 3159 compositu
1222 3076 1338 3140 Atticis
1361 3081 1393 3140 et
1416 3075 1500 3139 Ioni-

313 3180 372 3245 bus
395 3182 535 3265 antiquis
557 3183 593 3244 in
616 3201 676 3244 usu
700 3180 845 3245 luerunt:
868 3179 1001 3254 ’ἐξίλλω
1023 3181 1170 3251 σννίλλω,
1190 3181 1322 3252 ιίνίλλω.
1343 3183 1499 3266 κωτίλλω,

312 3287 484 3366 οιροσίλλω,
510 3287 673 3366 σεριίλλω.
699 3287 833 3359 ὑσίλλω,
854 3286 893 3350 de
916 3287 1032 3370 quibus
1053 3285 1157 3350 multu
1176 3287 1246 3352 dixi
1264 3291 1297 3352 in
1322 3287 1499 3352 Varmreu.

312 3413 384 3480 pag.
410 3391 463 3456 87.
489 3397 521 3457 et
544 3390 620 3457 361.
645 3396 733 3458 etin
756 3394 832 3458 Νοο.
858 3393 949 3457 Lecti.
975 3413 1048 3480 pag.
1074 3387 1150 3456 457.
1187 3391 1357 3479 Sophocles
1380 3395 1415 3458 in
1438 3397 1500 3458 Λιι-

312 3505 409 3581 ἰίροιιο
430 3519 477 3564 vs.
504 3497 579 3563 340.

630 3603 795 3683 ἰλλομένων
819 3603 949 3686 οἰρίτρων
974 3603 1039 3674 έσος
1062 3605 1103 3676 εἰς
1129 3603 1205 3677 ἔτος.

359 3713 441 3793 Quia
461 3722 473 3777 1
493 3711 627 3798 longum
646 3717 695 3775 est
715 3710 895 3786 εἰλλομένων
916 3716 948 3775 et
968 3710 1128 3786 εἰλομένων
1148 3711 1268 3776 scribae
1288 3711 1362 3775 dare
1384 3711 1499 3788 solent,

314 3826 346 3886 et
369 3822 414 3884 sio
436 3823 512 3884 neta
534 3822 582 3882 est
604 3817 687 3901 opud
711 3816 888 3881 Homerum
914 3837 1038 3903 quoque
1061 3817 1212 3883 mendose
1235 3816 1348 3901 leutio,
1369 3838 1449 3902 quoe
1469 3822 1501 3882 et

313 3927 397 4012 apud
428 3923 617 4008 Sophoclem
642 3929 673 3987 et
695 3922 860 3987 Plutonem
886 3928 918 3987 et
940 3922 1020 3988 elios
1045 3929 1215 4008 comperet.
1240 3923 1304 3988 vid.
1329 3921 1499 3988 Ruhnken.

314 4033 353 4098 od
380 4033 451 4096 Tim.
479 4053 508 4096 v.
534 4029 706 4106 Εἰλομὲνων
732 4035 764 4094 et
787 4035 846 4100 Γιῑν
868 4030 1040 4104 ἰλλομένων.

358 4137 421 4202 Pro
442 4138 546 4220 priseo
567 4133 661 4200 ιέλλω
686 4141 717 4200 et
740 4137 847 4202 Attico
869 4135 945 4200 ἰλλω
967 4138 1033 4201 iem
1058 4136 1142 4220 opud
1162 4135 1340 4201 Homerum
1365 4139 1413 4200 est
1431 4156 1500 4221 pro

315 4245 410 4310 ducta
432 4243 534 4308 forma
553 4241 662 4306 ιειλέω.
689 4252 725 4306 Θ.
752 4241 828 4306 215.
855 4241 1056 4326 ιελλομένων,
1080 4242 1168 4306 ιείλει
1194 4241 1225 4305 δὲ
1251 4279 1291 4288 -
1316 4241 1446 4322 Ἕκτωρ.
1467 4253 1499 4306 Β.

316 4347 392 4414 294.
424 4347 511 4428 ὅνπερ
542 4345 656 4412 ἄελλοιι
688 4347 843 4425 Χειμέριοιι
874 4347 1031 4412 ιειλέωσιν.
1065 4371 1100 4422 μ.
1133 4346 1210 4412 210.
1236 4347 1324 4412 ιείλει
1348 4348 1389 4412 ot
1414 4349 1502 4422 σπῆϊ.

316 4481 344 4525 τ,
377 4453 453 4519 200.
487 4455 574 4520 ιείλει
605 4456 668 4534 γὰρ
699 4451 816 4534 βορέης.
847 4477 881 4535 χ.
915 4453 990 4519 460.
1023 4454 1132 4520 ιείλεον
1165 4455 1195 4518 έν
1228 4455 1340 4534 ςείνει,
1369 4469 1398 4519 λ.
1425 4452 1499 4521 572.
