3304 5090
885 329 952 398 204

364 519 532 588 Praeterea
554 540 611 608 pro
629 519 754 599 Ἰούβας
775 522 893 608 ubique
912 521 1017 601 Ἰόβας
1038 522 1271 610 reponendum,
1292 527 1330 587 ut
1347 527 1380 586 et
1399 521 1515 600 Νομᾶς

317 648 375 714 pro
398 632 540 704 Νουμᾶς.

364 734 480 821 Bogud
510 755 528 800 a
559 733 660 801 Dione
693 733 801 803 Cassio
833 737 972 815 Βονούας
995 740 1192 821 nominetur,
1217 741 1255 802 ut
1279 734 1333 802 41.
1360 733 1415 799 42.
1440 733 1515 815 πρὸς

319 847 373 908 τοῦ
396 844 548 921 Καίσαρος
573 877 616 891 ·-
640 837 658 908 ὅ
678 867 714 907 τε
737 845 854 925 Βόκχος
879 843 931 907 καὶ
953 843 967 907 i
989 849 1127 922 Βσγούας
1147 843 1291 921 βασιλεῖς
1313 879 1355 890 -
1376 841 1513 919 ὠνομάσ-

319 952 424 1022 incas.
471 948 615 1014 Bocchus
644 970 700 1015 rex
722 956 791 1015 erat
813 949 1027 1016 Mauritaniae
1050 947 1278 1033 Caesariensis,
1303 947 1418 1035 Bogud
1437 946 1514 1014 'Pin-

319 1058 468 1144 gitanae,
494 1075 573 1140 qnae
596 1062 629 1121 et
651 1056 840 1144 Bogudiana
862 1056 1034 1122 dicebatur.
1082 1055 1166 1120 Plin.
1190 1053 1232 1138 ῌ.
1259 1054 1301 1120 N.
1325 1052 1363 1118 V.
1390 1053 1423 1119 2.
1464 1053 1514 1120 De

319 1159 453 1249 Bognde
482 1162 521 1228 ab
551 1163 696 1252 Agrippa
719 1159 821 1228 occiso
843 1165 878 1228 in
899 1161 985 1228 bello
1005 1163 1135 1228 Actiaco
1158 1162 1269 1226 scribit
1292 1159 1354 1226 Dio
1379 1159 1434 1225 50.
1458 1159 1512 1226 ll.

320 1266 334 1329 i
363 1269 546 1347 ’Λγρίτσας
577 1269 631 1341 τὴν
663 1270 806 1342 Μεθώνην
837 1271 885 1348 (in
913 1268 1023 1334 littore
1054 1267 1243 1356 Messeniae)
1278 1267 1512 1348 inspectionis

318 1375 428 1454 λαβὼν
450 1374 501 1438 τὸν
526 1376 661 1452 Barcina
687 1375 718 1440 ἒν
740 1377 820 1458 αὐτῇ
846 1373 986 1440 ἔκτεινεν.

364 1584 445 1674 Pag.
469 1583 546 1650 833.
571 1587 709 1667 καὶγὰρ
733 1588 767 1663 en
792 1587 844 1654 nai
869 1584 954 1663 οὗτος
977 1588 1173 1675 (Masinissa)
1193 1587 1255 1657 ἒτὶν
1274 1587 1288 1650 i
1308 1587 1378 1659 τοὺς
1399 1585 1511 1667 Noas·

320 1691 376 1766 δας
419 1694 595 1766 πολιτικοὺς
635 1695 880 1766 κατασκευάσας
916 1695 968 1760 καὶ
1003 1694 1174 1774 γεωργούς,
1210 1694 1256 1759 ἔτι
1289 1694 1316 1760 δ’
1350 1690 1419 1760 ἀντὶ
1455 1700 1510 1760 τοῦ

319 1807 584 1865 ΛΗῙΕΤΕΤΕῙΝ
617 1801 742 1878 διδάξας
776 1804 944 1881 τρατεύειν.
987 1802 1078 1866 ”licon
1108 1801 1170 1882 γάρ
1201 1825 1232 1866 τι
1259 1809 1322 1873 τοῖς
1347 1802 1510 1880 ἀνθρώποις

320 1905 434 1983 συνέβη
463 1906 599 1979 τούτοις·
632 1907 745 1988 χώραν’
768 1909 830 1988 γὰρ
853 1909 1003 1979 οἰκοῦντες
1027 1909 1193 1984 εὐδαίμονα
1220 1909 1301 1983 anian
1324 1913 1378 1972 τοῦ
1403 1908 1510 1986 θηρίοις

320 2009 498 2093 πλεονάζειν
530 2014 679 2086 ἐάσαντες
711 2017 897 2080 {caesena
930 2021 1034 2080 ταῦτα
1065 2015 1117 2079 καὶ
1149 2015 1203 2088 τὴν
1234 2023 1294 2093 γῆν
1326 2012 1511 2095 ἐργάζεσθαι

320 2121 392 2198 μετ’
423 2120 531 2192 ἀδείας
563 2121 613 2184 ἐπ’
646 2129 871 2187 Annflnolc
900 2122 1077 2205 ἐτρέποντο,
1101 2123 1156 2194 τὴν
1180 2120 1210 2185 δὲ
1236 2128 1295 2198 γῆν
1318 2129 1381 2192 τοῖς
1405 2121 1512 2201 θηρίοις

320 2229 470 2307 ἀφεῖσαν.
518 2225 667 2292 Primum
699 2228 869 2293 manifesto
894 2228 1093 2296 mendosum,
1109 2233 1156 2293 est
1175 2225 1313 2306 ἐκφέρειν
1337 2227 1380 2291 τὰ
1403 2229 1510 2303 θηρία,

320 2333 376 2399 sed
403 2333 467 2398 loci
498 2335 656 2399 sententia
682 2338 716 2399 et
738 2333 983 2422 palaeographia
1007 2333 1092 2400 facili
1117 2334 1246 2420 negotio
1268 2353 1378 2398 veram
1401 2333 1509 2401 lectio·

318 2459 393 2505 nem
416 2440 614 2524 patefacient.
663 2437 827 2505 Sententia
849 2443 983 2525 requirit
1007 2441 1194 2524 στορέσαντο,
1214 2444 1380 2523 estimare,
1393 2441 1510 2527 sandi

319 2553 368 2610 tas
391 2546 496 2609 delere.
534 2542 689 2611 Codicum
709 2568 786 2611 usus
805 2546 896 2612 docet
918 2549 1092 2612 sexcenties
1115 2545 1217 2625 φέρειν
1238 2553 1271 2611 et
1294 2547 1424 2624 <etaiam
1437 2565 1509 2612 con·

319 2650 421 2716 fundi.
456 2651 566 2737 Itaque
586 2650 699 2718 Strabo
723 2653 804 2717 dixit
824 2653 1019 2731 ἕκΦΘΕΙρειν
1038 2657 1153 2716 ταῦτα.
1191 2651 1305 2717 Strabo
1325 2653 1509 2738 saepissime

320 2776 357 2822 eo
379 2759 476 2823 verbo
497 2761 530 2822 in
553 2757 613 2823 tali
635 2779 669 2824 re
691 2763 813 2831 utitur,
837 2759 940 2825 veluti
962 2780 1036 2847 pag.
1060 2757 1140 2824 814.
1167 2757 1274 2822 πάντα
1296 2759 1404 2837 τρόπον
1430 2761 1508 2843 (cro-

320 2861 475 2947 codilum)
507 2864 720 2946 ὲκφιείρονοιν.
765 2863 828 2930 Sed
858 2871 1000 2951 superest
1036 2865 1171 2932 alteram
1204 2865 1369 2931 mendum.
1424 2863 1508 2946 Quid

320 2975 369 3034 est
397 2971 446 3034 ἐπ’
470 2970 619 3043 αλλήλοις
642 2967 822 3048 erptiam?
856 2971 997 3038 Dixisset
1019 2977 1131 3039 saitem
1156 2974 1206 3037 ἐπ’
1232 2973 1399 3047 ἀλλήλους.
1447 2969 1509 3037 Sed

319 3075 370 3140 ἐτ’
402 3077 557 3152 ἀλλήλους
589 3077 750 3156 τρέπεσθαι
783 3079 822 3143 ab
855 3078 914 3144 hcc
944 3078 1013 3144 loco
1045 3076 1277 3144 alienissimum
1303 3085 1367 3144 est:
1391 3077 1509 3143 dicitur

319 3185 405 3248 enim
429 3183 468 3248 de
489 3185 548 3260 iis,
573 3186 628 3269 qui
652 3190 744 3250 antea
767 3187 927 3251 coniuncti
949 3192 1019 3250 orta
1037 3184 1192 3250 discordia
1210 3185 1289 3250 inter
1307 3207 1339 3248 se
1356 3189 1507 3261 ιοσοίιιιιο,

319 3293 358 3353 ut
379 3292 412 3354 in
439 3289 522 3355 bello
547 3288 647 3355 civili.
683 3289 762 3357 Vide
787 3299 894 3358 contra
916 3292 991 3376 qaid
1016 3293 1171 3357 sententia
1189 3289 1252 3356 loci
1271 3291 1386 3356 diserta
1406 3293 1509 3376 requi-

318 3399 380 3460 rat.
425 3395 576 3461 Numidae
607 3398 736 3482 (inquit)
769 3405 839 3462 ants
869 3398 1064 3463 Masinissam
1094 3398 1255 3462 latrocinia
1283 3397 1455 3462 ererccbant
1480 3402 1509 3460 st

318 3523 366 3566 aas
388 3502 555 3567 Masinissa
578 3503 677 3567 ιίοσαὶί
699 3505 857 3583 sparsisse
882 3505 951 3568 sieri
976 3511 1029 3570 τοῦ
1054 3503 1202 3587 nesciere.
1239 3501 1323 3568 'Pum
1345 3501 1508 3590 singulam

319 3608 477 3694 quoddam
508 3609 559 3674 his
587 3610 772 3676 hominibus
795 3613 937 3677 evenisse
960 3617 1076 3676 narrat.
1124 3609 1208 3691 Quid
1234 3605 1362 3676 antemi
1412 3609 1507 3691 Quane

317 3715 458 3780 haberent
487 3737 573 3798 apros
594 3718 802 3800 fertilissimos
825 3719 879 3782 sed
898 3741 917 3780 ο
930 3717 1019 3802 feris
1041 3717 1217 3804 insentatas,
1241 3739 1329 3802 qaum
1343 3717 1439 3803 feras
1461 3739 1507 3780 ατ·

317 3805 452 3888 scindere
474 3829 502 3886 et
523 3845 608 3904 υρνοσ
632 3831 695 3888 taio
718 3825 813 3889 coiere
834 3825 1015 3902 debunsenr,
1040 3825 1210 3888 malumst
1235 3858 1254 3872 -
1268 3857 1288 3872 -
1302 3857 1322 3872 -
1334 3821 1353 3886 i
1376 3829 1405 3886 et
1424 3843 1508 3904 αρσοο

318 3918 398 4000 feris
429 3928 605 4015 relinquere.
653 3928 738 4010 Quid
769 3928 877 3997 deest?
916 3929 1001 4011 Quid
1021 3930 1123 3996 iacere
1146 3924 1350 3994 maluerunt?
1383 3925 1507 4014 Perspi-

319 4055 417 4100 cuum
445 4035 479 4100 id
508 4036 639 4120 quidem
664 4042 727 4119 est,
751 4058 866 4122 nempe
890 4039 1041 4117 λρςεύειντ
1066 4044 1098 4102 et
1117 4036 1177 4101 hac
1199 4037 1306 4121 ipsum
1330 4040 1378 4099 est
1401 4036 1436 4098 in
1458 4034 1509 4099 his

317 4139 480 4227 singulare
511 4141 625 4228 (ἴδιον),
658 4145 806 4228 quoniam
837 4143 1018 4209 latrocinari
1040 4142 1091 4207 illi
1115 4149 1243 4208 tantum
1267 4141 1410 4207 solebant
1431 4160 1507 4226 quos

320 4266 397 4334 ager
419 4267 496 4313 suus
518 4267 581 4312 aon
605 4251 683 4314 satis
710 4248 815 4314 alebat
839 4255 872 4314 et
895 4248 1083 4314 stimulabat
1106 4251 1212 4334 inopia
1235 4256 1266 4314 et
1285 4247 1394 4313 fames.

363 4351 474 4438 Itaque
514 4357 670 4422 sententia
709 4357 778 4441 ipsa
819 4355 908 4420 duait
943 4355 983 4421 ad
1017 4355 1098 4420 hanc
1133 4353 1321 4420 lectionem:
1358 4353 1507 4424 ἐάσαντες

318 4459 485 4546 scateam
526 4467 632 4528 ταῦτα
674 4461 726 4526 καὶ
770 4465 825 4537 τὴν
859 4472 920 4540 γῆν
957 4461 1142 4544 ἐργάζεσθαι
1177 4463 1249 4541 μετ’
1284 4460 1391 4535 ἀδείας
1426 4464 1506 4528 ἘΠΙ
