3356 5084
705 345 770 417 489

187 539 269 631 Peg.
302 539 381 610 372.
413 537 466 606 10.
499 541 596 622 είριίνη
628 539 684 619 μὲν
713 535 763 606 ούν
786 538 824 605 δι’
848 537 993 614 ἐκείνους,
1019 533 1200 606 ἐπικίνδυνος
1224 531 1255 598 δέ
1281 530 1332 597 καί

144 649 293 734 σφαλεροὶ
317 647 370 714 καί
394 643 506 720 οίπιςος
531 646 583 714 διδ
602 646 727 717 τούτους
747 643 859 725 atym
881 641 1182 730 [δωροδοκήσοντας]
1220 637 1335 724 Super-

143 777 282 826 vacuum
314 759 347 820 et
378 751 553 820 molestum
580 752 843 834 δωροδοκήσοντας
865 756 898 816 et
921 748 1024 816 nlieno
1046 747 1116 813 looo
1139 747 1281 834 positum
1304 746 1336 808 et

144 862 317 931 uerborum
341 859 589 925 concinnitatem
612 860 732 926 vitians
754 856 936 923 delendum.

190 967 267 1054 Ipsa
297 966 452 1053 oppositio
479 967 563 1031 inter
586 965 623 1031 δι’
647 963 775 1038 ἐκείνους
800 967 833 1029 et
855 962 907 1028 διδ
929 961 1052 1034 τούτους
1078 959 1334 1026 additamentum

146 1073 206 1138 hoe
229 1072 339 1158 arguit
361 1073 394 1135 et
416 1071 547 1157 respuit.

191 1283 273 1370 Peg.
300 1279 376 1347 409.
400 1277 454 1347 28.
502 1278 674 1346 Aeschines
694 1279 734 1345 ad
753 1278 999 1345 Demosthenem
1021 1276 1136 1359 ἐφοβοῦ
1159 1274 1225 1356 περί
1247 1297 1337 1338 σεαυ-

145 1393 214 1468 τοῦ,
242 1389 298 1453 ait.
346 1385 544 1473 Respondet:
569 1387 594 1450 εί
619 1386 672 1468 ἐφ’
696 1381 740 1458 οίς
764 1385 778 1450 ό
803 1385 876 1466 μηδ’
903 1387 1000 1452 ότιοῦν
1023 1384 1134 1450 οίδικῶν
1159 1379 1338 1464 ἐφοβούμην

148 1497 209 1574 ἐμοί
239 1492 297 1582 [μη
321 1492 372 1558 διόι
397 1493 521 1564 τούτους
546 1490 749 1579 οίπόλοιμαι],
773 1492 806 1557 τί
829 1492 953 1567 τούτους
977 1493 1120 1572 προούκει
1140 1492 1248 1556 ποόείν
1268 1486 1338 1558 τοὺς

148 1600 261 1674 αὐτοὺς
299 1598 495 1679 ἠδικηκότος
531 1597 651 1665 Resece
684 1618 826 1684 pannum
861 1598 988 1664 aliunde
1025 1601 1187 1682 assutum,
1222 1597 1277 1681 qui
1311 1595 1338 1658 si

148 1729 244 1795 quam
275 1709 417 1773 maxime
447 1707 621 1772 sententiae
655 1707 854 1791 conveniret,
881 1711 990 1770 tamen
1011 1723 1072 1770 non
1097 1707 1221 1790 poteret
1242 1702 1340 1766 inter-

149 1815 223 1901 poni
253 1815 338 1880 iuter
368 1816 393 1880 εί
417 1812 597 1897 ἐφοβούμην
622 1813 737 1892 ἘΓΩ,
761 1811 795 1877 τί
817 1819 1024 1878 TOTTOTC
1048 1812 1189 1892 προσήκει
1214 1807 1337 1883 παύείνς

192 2025 273 2113 Peg.
306 2021 384 2089 421.
416 2022 471 2090 22.
502 2023 540 2089 όον
565 2023 694 2089 πιλίδιον
717 2022 826 2100 λαβὼν
849 2021 900 2086 :at
925 2021 981 2095 τὴν
1004 2021 1147 2102 κεφαλίρν
1173 2026 1339 2099 περινοςῇς.

148 2131 253 2198 Nemo
284 2133 320 2196 in
348 2132 480 2216 nunqua
509 2128 644 2197 Graecia
673 2132 719 2195 sic
751 2127 957 2215 loquebatur:
990 2129 1046 2213 qui
1083 2126 1181 2212 capiti
1215 2122 1339 2207 οἰορονιόό

148 2235 298 2325 galeam,
323 2256 488 2313 coronam,
512 2236 636 2322 pileum
659 2235 777 2301 dicitur
800 2234 867 2315 περὶ
891 2234 946 2308 την
969 2234 1112 2315 κεφαλὴν
1135 2229 1338 2310 περιτίόεσίαι

150 2343 422 2425 περικεφαλαίαν,
451 2343 604 2423 ςέφανον,
628 2349 739 2421 πῖλον,
764 2339 912 2418 πιλίδιον,
938 2345 970 2406 et
992 2344 1026 2405 in
1048 2338 1186 2426 perfecto
1209 2335 1338 2417 περίκει·

149 2474 208 2528 μοι
241 2449 376 2527 ςέφουον
401 2453 433 2514 et
456 2450 529 2515 sim.
579 2445 697 2515 contra
720 2449 776 2533 qui
799 2447 876 2533 quid
899 2448 933 2512 in
957 2448 1061 2532 capite
1083 2449 1188 2534 gestat
1208 2443 1258 2508 ἐπὶ
1283 2452 1338 2518 τῆς

150 2562 294 2638 κεφαλῆς
328 2555 430 2637 φέρειν
462 2554 596 2634 dicitur,
628 2560 667 2621 ut
697 2552 950 2633 calceatam.
999 2550 1165 2638 Sequiores
1189 2547 1340 2616 Graeculi

149 2682 206 2747 pro
230 2661 402 2742 περιόέοόοι
426 2663 534 2726 minus
556 2663 681 2748 proprie
708 2659 862 2726 ἐπιόόοόοι
886 2660 990 2726 dicore
1013 2661 1182 2744 coeperunt
1207 2661 1239 2722 et
1263 2655 1340 2721 haec

150 2769 291 2844 ονννίόεια
314 2769 400 2835 facte
424 2773 479 2833 est.
528 2767 755 2853 Aristophanes
783 2767 948 2850 Τόοενκορό.
974 2762 1051 2830 380.

401 2873 519 2955 περίόου
545 2899 594 2939 υυν
618 2873 703 2940 τόνδε
726 2879 840 2954 πρῶτον
866 2871 936 2953 πρὶν
958 2869 1075 2950 λέγειν.

148 2981 203 3047 nbi
223 2977 415 3046 Scholiasta:
434 2981 504 3045 οίυτί
522 2983 576 3046 τοῦ
593 2978 739 3061 ςέφονου.
761 2979 824 3052 ἐύος
842 2978 905 3061 γὰρ
922 2973 955 3052 ἦν
975 2986 1038 3051 τοῖς
1052 2975 1175 3055 λέρουοι
1190 2979 1343 3055 ςεφανοῦ-

150 3088 218 3152 σόαι
239 3093 367 3168 πρῶτον.
391 3084 425 3151 τό
442 3086 473 3152 δέ
492 3094 678 3152 Hermos
704 3081 775 3166 ὅπερ
796 3087 869 3164 ἡμῖν
888 3083 1010 3160 σύνηόες
1031 3083 1202 3148 ’efneos
1223 3081 1338 3162 alysso.

194 3193 286 3259 Idem
310 3193 437 3282 eaeo.
464 3191 542 3258 583.

402 3301 476 3381 παρ’
500 3301 575 3378 ἐμοῦ
599 3298 684 3366 τουτί
707 3301 742 3366 τό
766 3296 926 3378 κοίλυμμα
949 3294 1058 3376 λαβύν

405 3402 462 3485 ἐχε
487 3406 540 3471 καί
565 3405 683 3486 περίόου
707 3405 774 3487 περὶ
799 3405 854 3481 τίρν
877 3403 1031 3486 ιιεφαλνίν.

150 3517 182 3579 et
212 3513 259 3580 sic
289 3517 470 3580 constanter
499 3511 628 3578 Veteres
651 3532 760 3578 omnes
784 3517 822 3578 ut
845 3514 880 3576 in
902 3508 1127 3592 ύμπέχεοόαι,
1150 3507 1343 3588 περιβοίλλε-

151 3622 241 3698 σόοι,
283 3619 476 3700 περιδεῑσόοι.
550 3618 660 3704 Iteque
693 3617 901 3684 Demostheni
935 3616 1031 3682 redde
1066 3636 1178 3682 suum:
1214 3615 1343 3682 πιλιδιιν

151 3726 262 3804 λαβὼν
285 3735 381 3791 ΠΕΡΙ
407 3727 462 3802 την
486 3725 642 3808 κεφαλιίυ.

197 3936 279 4024 Peg.
314 3934 390 4001 426.
425 3934 479 4002 13.
503 3936 572 4017 πρίν
596 3933 730 4014 ἐξελόεῑυ
755 3933 891 4002 ἐνιαυτόν
915 3942 968 4002 τοῦ
994 3933 1131 4013 πολέμου
1155 3935 1212 4007 τοὶς
1239 3921 1353 4008 πόλεις

151 4041 284 4115 ιίποίσος
308 4041 558 4109 οίποιλοιλέκεσαν
583 4041 620 4129 (οί
644 4041 808 4130 Ὀλύνίιοι)
835 4042 894 4117 τοὶς
921 4043 951 4107 ἐν
974 4052 1012 4124 τῇ
1038 4042 1208 4125 Χαλκιδικῇ
1234 4042 1345 4124 [arpoti-

151 4147 265 4222 δόντες.
301 4145 356 4214 alti
386 4150 411 4213 οί
442 4148 642 4234 προδιδόντες]
676 4148 728 4213 κοί
763 4149 915 4221 Φίλιππος
944 4148 1045 4214 οὐκέτ’
1071 4143 1157 4230 είχεν
1183 4149 1346 4216 ὑπακούειν

148 4263 211 4329 τοῖς
248 4254 435 4336 προδιδοῦσιν
464 4255 527 4320 οὐδ’
560 4251 645 4338 εἶχεν
681 4251 711 4333 ό,
751 4278 782 4318 τι
818 4261 931 4337 πρῶτον
967 4253 1064 4337 λοίβη.
1111 4253 1182 4320 Non
1219 4261 1347 4322 tantum

147 4358 337 4443 προδιδόντες
370 4364 410 4448 (σι’
444 4361 642 4450 προδιδόντες)
675 4361 823 4429 additum
855 4361 955 4428 laedit
986 4379 1095 4426 eurem
1131 4361 1170 4426 ob
1203 4364 1348 4430 vicinum

148 4475 211 4541 τοῖς
247 4467 449 4556 προδιδοῦσιν,
473 4471 529 4536 sed
553 4473 652 4537 etiarn
676 4490 751 4536 cum
776 4469 838 4536 loci
861 4471 1017 4536 sententie
1040 4475 1173 4556 pugnat.
1221 4468 1346 4557 Nempe
