3406 5084
902 379 970 450 514

522 572 598 639 οὕτω
619 551 685 653 Ιγόιρ
709 576 783 650 ἡμῖν
807 575 824 649 ἡ
848 571 938 644 τόλις
962 571 1086 650 μοίλιτο
1111 575 1169 642 σῶς
1194 567 1232 634 ῶν
1255 565 1312 642 ein.

340 685 389 747 et:

523 788 540 860 ἡ
564 783 654 865 μᾶζα
679 783 742 865 γόιρ
766 791 823 858 σῶς
847 783 899 850 καί
925 784 959 849 τό
982 781 1073 863 κρέας
1096 784 1144 860 χῶ
1168 779 1316 861 κοίραβος.

386 890 529 957 Turboni
560 892 594 954 in
624 890 675 954 his
704 889 841 968 librarii,
868 891 922 956 sed
945 889 1035 955 nulla
1058 889 1266 956 devotarum
1288 908 1349 952 usu
1373 886 1532 952 dubitatio

339 1001 397 1061 est.
443 995 481 1060 ln
510 994 672 1061 nonnullis
700 994 793 1060 libris
823 1001 856 1060 et
886 999 920 1061 in
951 994 974 1059 S
1005 1015 1024 1059 a
1054 997 1279 1080 primamanu
1302 993 1532 1078 scriptumest

340 1107 415 1180 σῶν,
448 1102 532 1186 quod
564 1100 790 1186 reponendum.
838 1102 917 1188 Pag.
944 1099 1049 1182 1293.
1080 1099 1135 1165 26.
1161 1101 1178 1173 ἦ
1202 1103 1277 1172 ναῦς
1300 1098 1454 1162 σέσωσται
1477 1095 1531 1161 καί

340 1205 385 1275 ἔτι
418 1213 487 1278 σῶς.
515 1204 689 1293 legendum
713 1208 730 1281 ἡ
754 1211 828 1279 ναῦς
854 1213 912 1280 σῶς
936 1207 1016 1280 telo,
1042 1211 1079 1271 ut
1101 1203 1209 1290 paullo
1232 1210 1304 1270 ante
1326 1225 1403 1292 pag.
1431 1200 1531 1268 1292.

342 1311 446 1376 Utilia
477 1312 515 1377 de
545 1313 604 1377 hac
633 1333 667 1376 re
697 1316 822 1380 notavit
848 1312 991 1378 Dindorf.
1017 1312 1056 1377 ad
1079 1331 1153 1398 pag.
1179 1309 1232 1374 61.
1259 1308 1531 1374 renuntiem

342 1418 465 1482 minore
487 1416 615 1502 Lipsiae
642 1415 738 1484 1855.

388 1623 469 1710 Pag.
502 1620 579 1689 572.
616 1623 668 1688 14.
703 1620 737 1698 ἦν
759 1624 788 1688 δ’
811 1621 894 1698 οὗτος
919 1627 933 1689 θ
955 1630 1008 1690 τοῦ
1033 1623 1183 1703 βελτίεον
1203 1624 1307 1704 πατὴρ
1331 1623 1531 1702 Χαρικλείδου

344 1732 397 1793 τοῦ
422 1726 582 1807 ἄρξαντος.
630 1729 753 1794 Notum
776 1735 824 1795 est
847 1734 880 1794 in
903 1731 1036 1796 historia
1057 1750 1173 1795 nomen
1194 1732 1270 1814 quia
1292 1729 1341 1793 ε’τὶ
1366 1731 1531 1809 Χαρικλεί-

345 1834 394 1899 δου
426 1833 574 1914 ἄρχοντος
606 1839 777 1901 commissa
802 1842 851 1901 est
872 1835 1073 1902 nobilissima
1094 1856 1203 1922 pugna
1225 1835 1309 1920 apud
1331 1834 1532 1901 Mantineam

342 1961 422 2006 anno
454 1939 520 2006 362
547 1961 655 2006 mense
679 1941 770 2006 lunio
792 1951 832 2023 τῇ
854 1941 1008 2023 δοδεκοίτρ
1033 1947 1086 2006 τοῦ
1111 1946 1353 2021 Σκιροφοριῶνος.
1398 1939 1532 2005 Plutar-

342 2047 420 2110 chus
452 2047 521 2132 (aut
550 2049 743 2130 quicumque
774 2048 852 2112 vitas
882 2058 907 2111 Χ
939 2055 1088 2112 ονοθονιιοι
1118 2045 1358 2132 consarcinavit)
1382 2049 1418 2110 in
1440 2045 1531 2111 Plut.

345 2152 459 2215 Μονοό.
490 2172 564 2238 pag.
596 2150 673 2216 845.
699 2171 729 2216 ιι.
754 2155 801 2217 ita
823 2154 950 2218 scribit:
979 2154 1163 2237 ,Χαιορόονι
1185 2153 1267 2217 coeit
1290 2153 1533 2228 Ιόοιιιοεθόοαοτι,

344 2257 386 2336 τῷ
418 2258 474 2332 μὲν
497 2257 561 2336 γόιρ
584 2258 627 2321 τίν
648 2258 817 2333 Ἐλληνικόι
841 2259 978 2324 ἐτελεῖτο
1002 2261 1044 2332 είς
1069 2261 1111 2324 τῶ
1135 2258 1202 2339 τερ)
1226 2260 1282 2334 etv
1305 2261 1335 2322 ἐν
1357 2259 1535 2341 Μαντινείᾳ

343 2361 469 2443 μοίχνν,
500 2362 639 2441 ίίρχοντα
674 2364 705 2428 δὲ
737 2365 948 2444 Χαρικλείδην,
982 2367 996 2428 ὀ
1025 2364 1056 2429 δὲ
1081 2364 1221 2445 πρότερον
1244 2366 1293 2428 ε’τί
1317 2363 1533 2444 Τιμοκρατους

343 2463 407 2532 είλε
425 2469 494 2538 τοὺς
515 2469 704 2547 ἓτιτρότονς.
736 2467 941 2556 Legendum:
962 2472 976 2535 θ
997 2469 1024 2534 δ’
1040 2469 1156 2535 ἜΤΕΙ
1176 2469 1331 2555 πρότερον,
1353 2493 1431 2534 auco
1451 2479 1531 2534 αιιίσ.

387 2573 473 2640 Nam
495 2591 694 2640 unroonrrns
719 2571 804 2653 ἦρξεν
828 2574 957 2662 Olymp.
982 2576 1057 2642 104.
1083 2578 1112 2642 1.
1138 2597 1219 2642 anno
1242 2575 1312 2664 θρίξ.

494 2697 705 2745 οιῑοκιοοιινιοε
726 2678 857 2766 Olymp.
884 2680 959 2746 104.
983 2681 1016 2748 2.
1043 2702 1124 2748 anno
1151 2680 1220 2766 333.

386 2787 499 2870 Itaque
521 2806 589 2862 res,
613 2806 712 2870 quem
734 2795 842 2850 narret
864 2785 1111 2865 Demosthenes,
1136 2788 1252 2852 accidit
1271 2789 1361 2852 annis
1381 2793 1534 2872 quatuor-

342 2893 446 2958 deeim
469 2895 542 2956 ante
565 2911 662 2975 quam
683 2891 760 2956 haec
782 2893 993 2959 scriberentur
1018 2892 1207 2959 362-348.

386 3097 467 3183 Pag.
501 3095 577 3163 573.
609 3095 662 3163 21.
695 3101 740 3176 μίν
763 3101 860 3166 τοίνυν
891 3101 945 3166 ἐῶν
976 3103 1033 3179 μὲν
1068 3103 1138 3182 siae
1169 3127 1216 3176 τις
1246 3101 1413 3181 ταροίνομα
1437 3101 1533 3177 οὕτως

342 3201 528 3282 ὀργιζόμενοι
561 3203 724 3284 Φαίνεσθε,
757 3207 809 3270 ἐὰν
842 3205 872 3271 δὲ
904 3217 973 3290 ποιῇ
1006 3210 1064 3293 [μὴ
1099 3208 1191 3296 λέγῃ]
1230 3209 1334 3293 τρρίας
1369 3208 1534 3275 διοίκεισθε.

342 3307 476 3395 Frangit
506 3309 682 3394 insipidum
714 3311 969 3379 additamentum
993 3317 1199 3399 oppositionis
1220 3317 1290 3381 vim
1314 3321 1346 3380 et
1368 3315 1431 3381 loci
1453 3318 1536 3381 acri-

342 3415 484 3479 moniam
507 3434 647 3480 omnem.

388 3624 466 3690 Post
487 3644 588 3708 pauca
613 3623 689 3690 574.
716 3625 746 3689 1.
769 3624 832 3689 οὔτ’
857 3626 999 3702 ἐλεήσετε
1022 3626 1087 3693 οὔτ’
1112 3629 1272 3709 ῶΦνίσετε,
1297 3629 1372 3695 ἀλλ’
1396 3631 1534 3696 ῶτοκτε-

326 3737 423 3796 νείτε
447 3730 464 3805 ἢ
487 3729 678 3805 ἀτιμώσετε,
701 3732 736 3793 in
758 3731 790 3793 S.
811 3732 967 3814 scriptum
990 3738 1038 3798 est
1060 3733 1271 3800 οίτοκτείνετε.
1305 3735 1387 3800 Pam
1409 3737 1534 3824 incogi-

343 3842 447 3902 tanter
468 3835 571 3902 solent
591 3837 626 3899 in
648 3835 753 3901 verbis
775 3835 941 3920 liquidetis
963 3838 1071 3906 futuro
1093 3861 1238 3925 praesens
1262 3843 1465 3908 substituere.

388 4044 468 4131 Pag.
494 4040 569 4109 574.
594 4042 648 4108 21.
672 4040 710 4107 ἂν
733 4043 829 4110 τοίνυν
855 4045 926 4124 ὑμίν
950 4047 1063 4135 [ὀρθῶς]
1091 4048 1162 4129 ἐστίν
1180 4059 1305 4117 σκοτεῖν
1325 4051 1431 4118 τούτου
1450 4068 1533 4127 τλκ-

343 4153 436 4230 ρωτὶρν
466 4151 608 4229 εὑρήσετε
637 4149 770 4214 Μειδίαν
800 4149 875 4215 ὄντα
909 4155 963 4216 τοῦ
1000 4152 1111 4232 ὀρίνοι.
1159 4154 1349 4222 Rectissime
1384 4160 1470 4237 ὀρθῶς
1507 4157 1533 4225 S

342 4259 477 4324 omittit.
522 4254 559 4320 In
589 4277 622 4322 re
653 4261 720 4322 tam
747 4256 931 4337 manifesta,
957 4258 996 4323 de
1023 4280 1085 4345 qua
1106 4281 1200 4327 nemo
1223 4263 1379 4350 ambigit,
1404 4273 1530 4331 σκοπεῖν

341 4365 419 4429 satis
442 4367 501 4426 est.

382 4465 550 4532 Praetereo
572 4465 740 4548 ἐσέρχεται
763 4491 814 4546 μοι
838 4479 963 4536 σκοτεῑν
986 4473 1066 4538 bene
1085 4471 1198 4551 habet,
1220 4478 1258 4539 ut
1276 4493 1349 4561 pag.
1375 4473 1451 4542 576.
1471 4476 1530 4544 26.
