3356 5084
382 1324 803 1416 ADVERSARIA
842 1324 1104 1416 CRITIOA

530 1555 588 1622 no
611 1551 958 1623 nmosrflnnmr.

598 1877 886 1920 *Qu-

658 2153 737 2222 (tir.
760 2152 816 2220 IV.

187 2368 319 2435 Lubens
342 2389 377 2435 ae
401 2368 505 2435 laetus
527 2367 567 2434 ad
587 2365 836 2434 Demosthenem
859 2369 1016 2444 raventun
1042 2367 1074 2432 at
1096 2365 1240 2449 primum
1263 2362 1336 2428 diii-

145 2478 256 2563 genter
284 2473 412 2540 relectis
442 2475 601 2560 prioribus
631 2469 954 2538 orationibusXVIL
979 2464 1010 2556 ρ.
1037 2468 1169 2537 1-220
1192 2469 1277 2536 looos
1300 2472 1336 2533 in

145 2582 306 2668 superiore
329 2583 529 2647 annotatione
551 2581 738 2668 praeteritos
758 2598 844 2644 nuno
867 2577 1036 2662 adiiciam,
1060 2576 1173 2643 deinde
1196 2575 1236 2642 de
1260 2574 1333 2641 reli·

145 2688 215 2772 quis
239 2687 387 2774 deinceps
409 2689 438 2752 si
460 2686 537 2773 quid
559 2686 643 2752 mihi
664 2689 813 2752 notatum
831 2689 864 2752 et
882 2683 1140 2752 animadversum
1159 2686 1208 2750 eet
1226 2681 1334 2748 ordine

145 2812 313 2879 exponam.

189 3003 282 3087 Quod
312 3003 513 3091 reposuimus
542 3025 617 3092 pag.
651 3003 704 3070 10.
734 3001 774 3069 6:
805 3003 844 3076 ὥς
869 2999 914 3072 iss
938 3004 1064 3082 μοίλιςα
1086 3005 1177 3068 reiro
1200 2999 1264 3073 δέος
1287 3000 1333 3080 μίν

145 3113 317 3190 πανοῦργος
349 3109 387 3176 θον
411 3149 455 3162 -
478 3107 628 3193 θίνθρυπος
657 3148 700 3160 -
724 3107 846 3192 anton
876 3133 914 3174 σε
944 3108 997 3175 καί
1029 3106 1282 3189 παρασπάσηταί
1303 3130 1334 3171 σι

145 3222 203 3282 τῶν
238 3212 314 3283 θλυν
350 3216 566 3299 πραγμοίσυν,
603 3218 781 3304 comparari
814 3219 918 3303 potest
947 3235 1023 3282 oum
1053 3215 1159 3282 verbis
1187 3214 1336 3302 Dionysii

144 3323 251 3389 Helio.
282 3326 319 3389 de
349 3325 517 3410 eloquentia
546 3324 751 3390 Demosthenis
778 3343 853 3412 pag.
883 3319 961 3388 957.
984 3321 1093 3388 Reisk.
1119 3322 1154 3386 σθ
1177 3321 1235 3401 μὲν
1256 3317 1334 3398 βιοθ-

144 3432 257 3496 σασθαι
282 3431 335 3496 καὶ
360 3430 622 3511 προσαναγκάσαι
646 3455 678 3496 σι
699 3439 757 3507 σῆς
782 3427 963 3496 Θουκυδίδου
986 3427 1098 3505 λέξεως
1121 3427 1217 3506 ίδιον,
1243 3428 1278 3492 σθ
1301 3426 1334 3491 δὲ

144 3539 310 3613 ἀπατῆσαι
336 3535 388 3603 καί
413 3537 554 3620 κλέψαι
577 3538 622 3605 σοὶ
645 3535 826 3618 προίγμασα
848 3543 904 3613 τῆς
927 3535 1054 3602 Λυσίου.

187 3748 268 3837 Pag.
304 3745 357 3814 10.
391 3745 443 3814 28.
477 3746 537 3814 νυνί
569 3746 647 3830 γθιρ,
679 3739 693 3812 θ
725 3743 843 3819 πάντες
873 3743 1010 3826 ἐθρύλουν
1040 3743 1134 3829 rios,
1157 3743 1333 3820 Ὀλυνθίους

145 3855 358 3933 ἐκπολεμῆσαι
390 3855 452 3920 δεῖν
477 3853 639 3938 Φιλίππῳ,
663 3851 793 3933 γέγονεν
816 3853 1012 3931 αὖσθμαπον,
1036 3851 1075 3918 of.
1098 3870 1173 3939 pag.
1198 3849 1253 3916 30.
1277 3849 1332 3916 20.

144 3964 357 4040 ἐκπολεμῆσαι
388 3961 450 4027 δεῖν
481 3959 601 4044 ᾧθμεθα
631 3959 703 4033 σοὺς
734 3959 904 4040 ἀνθρώπους
931 3960 967 4024 ἐκ
990 3956 1107 4030 παντὸς
1129 3957 1256 4038 σρθπον,
1279 3956 1332 4021 καί
1462 4035 1466 4040 ¹

144 4067 158 4136 ὃ
190 4067 309 4143 ποίνσες
341 4067 479 4150 ἐθρύλουν
509 4066 585 4139 πίοις
616 4069 707 4133 τοῦτο
738 4064 917 4148 πέπρακται
952 4059 1025 4131 νυνί.
1073 4061 1127 4130 sie
1161 4067 1335 4149 utromque

143 4175 251 4244 loenm
288 4174 453 4242 constituit
486 4171 679 4241 Dindorfiue.
732 4171 770 4239 In
804 4171 897 4240 libris
931 4175 980 4237 est
1010 4165 1113 4258 priore
1145 4169 1216 4236 loeo
1244 4169 1280 4234 in
1309 4167 1333 4236 Β

146 4285 298 4364 ἐθρνλεῑπε
328 4283 368 4353 ὥς
400 4285 445 4362 (et
476 4282 512 4345 in
541 4300 645 4369 marg.
676 4303 725 4360 γρ.
759 4279 920 4361 ε’θρθλλουν
950 4277 999 4366 σε)
1033 4275 1113 4341 -δεῑ
1141 4277 1214 4360 (seo.
1244 4296 1332 4342 man.

145 4392 230 4471 δεῖν).
265 4387 304 4454 In
327 4389 464 4454 seeundo
487 4385 510 4452 S
533 4387 630 4454 habet
653 4386 791 4468 ἐθρύλουν
810 4388 926 4453 omisso
948 4383 1034 4457 πέος.
1069 4382 1188 4449 Fuerat
1209 4391 1334 4449 εΘΡΎ-

146 4503 410 4568 ΛΟΤΝΤΕΩΟ,
440 4495 475 4558 in
502 4514 565 4580 quo
588 4492 662 4568 πέος
686 4495 788 4561 inesse
810 4515 874 4561 non
896 4489 1183 4560 animadvertentes
1205 4512 1336 4558 eorrexe-

1154 4611 1185 4658 ον
