3296 5104
690 393 733 468 49

114 589 346 658 Demosthenis
376 611 472 676 qoem
501 587 650 657 inhnrins
679 589 876 676 compilavit.
922 588 1058 678 Legitur
1078 611 1152 680 png.
1176 589 1230 658 80.
1255 587 1310 659 26.

116 691 144 763 οἰ
176 701 231 764 οὐκ
260 696 461 778 αἰσχύνονται
487 698 632 779 Φιλίπτῳ
657 695 766 778 ζῶντες
790 695 841 760 καί
865 697 898 761 ού
922 705 961 778 τῇ
986 696 1085 761 αύτοίν
1108 697 1232 780 πατρίθι
1257 701 1310 765 νιαί

115 804 180 877 τάς
213 807 289 886 παρ’
321 805 433 870 ἐκείνον
463 803 577 884 δωρεάς
600 801 820 881 λαμβάνοντες
846 809 1030 868 ΟΙΟΝΤΑΙ
1054 801 1156 870 οἰκαθε
1177 807 1311 884 λαμβά-

116 935 181 975 νειν
213 911 257 976 τά
280 909 352 976 οἰκσι
386 915 571 983 πωλοῦντες.
605 910 640 976 id
671 914 719 976 est
750 908 823 974 eliis
853 910 975 976 verbis:
1008 910 1067 982 τάς
1100 911 1175 993 παρ’
1198 911 1310 977 ἑκείνον

117 1016 234 1097 δωρεάς
260 1016 369 1083 ὀἰνιαδε
399 1016 578 1095 λαμβάνειν
609 1013 781 1096 νομίζσντες
811 1016 865 1079 ούκ
892 1015 1088 1081 αἰσθάνονται
1112 1017 1165 1081 καί
1189 1019 1231 1083 τά
1254 1026 1310 1093 τῆς

117 1123 240 1197 πθλεοις
268 1124 322 1190 καί
353 1124 397 1188 τά
428 1129 515 1206 σφῶν
539 1125 640 1190 αὐτῶν
663 1126 853 1197 πωλοῦντες,
879 1141 959 1208 quae
983 1121 1069 1188 olere
1091 1127 1124 1188 et
1145 1126 1312 1210 perspicus

117 1236 207 1295 sont.
244 1230 360 1297 οἴκαδε
385 1229 563 1309 λαμβάνειν
583 1233 615 1295 et
635 1229 678 1294 τά
699 1226 770 1293 οἰκον
790 1234 903 1292 πολεῖν
923 1230 1079 1294 contraris
1098 1233 1190 1293 sont:
1203 1230 1312 1314 iisque

118 1336 226 1404 οἰνιαδε
256 1336 435 1417 λαμβάνειν
465 1341 514 1403 est
536 1338 587 1402 τίν
610 1335 681 1402 ἰδιον
703 1330 781 1401 οἰκον
804 1333 918 1412 αὔξειν.
965 1333 1019 1400 sie
1042 1337 1145 1423 igitur
1166 1332 1313 1401 falsarios

118 1449 229 1510 noster
264 1443 393 1509 dederat
427 1444 619 1509 sententiam
651 1440 875 1507 Demosthenis
909 1439 948 1505 de
980 1459 1069 1505 more
1103 1439 1176 1506 eliis
1205 1441 1312 1507 verbis

118 1553 261 1617 vestiens
299 1549 339 1614 sd
371 1547 458 1614 furto
492 1548 645 1637 tegenda:
681 1546 734 1612 sed
768 1547 891 1612 festum
920 1549 968 1612 est
998 1546 1082 1632 qnod
1114 1545 1249 1612 essolet:
1273 1567 1312 1612 ex

120 1655 225 1722 simili
254 1655 324 1721 looo
350 1654 494 1720 adhaesit
513 1656 567 1719 ούκ
591 1651 794 1734 αἰσχύνονται
818 1650 963 1731 Φιλίππῳ
987 1649 1116 1733 ζῶντες,
1142 1643 1205 1737 quo
1227 1653 1311 1720 isoio

121 1762 223 1828 OTA’
255 1759 452 1826 αἰσθάνονται
475 1780 532 1846 pro
556 1760 616 1824 oti(
640 1756 836 1823 αἰσθάνονται
860 1777 986 1823 necesse
1010 1765 1077 1823 eret
1100 1759 1254 1838 seribere,
1279 1766 1311 1826 et

119 1871 166 1934 sio
196 1871 271 1933 nete
302 1872 350 1933 est
381 1866 516 1954 vulgata
547 1865 660 1942 lectio,
692 1884 789 1949 quom
812 1862 964 1928 admirari
986 1865 1105 1948 poterit
1126 1868 1183 1950 qni
1205 1866 1311 1945 volet,

119 1974 174 2041 sed
197 1973 380 2062 intelligere
402 1992 496 2039 nemo
518 1973 637 2057 poterit
659 1989 825 2056 umquem.

164 2158 246 2246 Peg.
273 2154 349 2221 157.
376 2153 428 2222 18.
455 2191 475 2206 ·
497 2153 721 2233 λογισαμένους
744 2155 783 2226 oie
806 2151 869 2217 οὐδ’
893 2152 946 2235 ἐφ’
966 2155 1038 2231 ιίμῖν
1058 2153 1102 2222 est
1122 2153 1158 2219 τὸ
1176 2153 1312 2234 Φάσκειν

120 2263 212 2344 sym
242 2264 368 2343 εἰριίννν.
414 2261 485 2328 Ηοσ
515 2261 645 2347 quidem
679 2281 803 2345 semper
829 2261 864 2324 in
884 2261 1133 2344 uniuscuiusque
1155 2264 1312 2347 potestate

120 2373 221 2436 situm
254 2374 319 2448 est,
350 2369 385 2433 τί
418 2375 602 2435 escuem
626 2366 741 2445 εἰρήνην
763 2364 867 2444 άγειν.
913 2364 998 2445 Quid
1020 2364 1147 2432 mults?
1170 2367 1312 2433 Elimins

119 2475 295 2544 molestum
325 2474 517 2541 vooebulnm
550 2477 583 2539 et
613 2474 766 2540 rescribe:
799 2471 860 2537 οὐδ’
891 2472 943 2554 ἐφ’
973 2475 1046 2550 ἡμῖν
1069 2473 1115 2541 re
1139 2473 1174 2539 τί
1199 2473 1312 2556 reiro

120 2581 226 2661 άγειν·
250 2581 306 2658 ἤδη
330 2581 393 2663 γάρ
418 2581 526 2653 ἐκεῖνος
551 2577 754 2662 προηγόρευκε
777 2577 830 2644 τὸν
853 2576 999 2656 πθλεμον.

164 2765 230 2831 Ubi
249 2764 374 2831 dixerat
391 2785 466 2852 pog.
490 2759 565 2830 157.
587 2761 641 2829 24.
662 2766 805 2848 oportere
823 2762 957 2842 χρῆσθαι
975 2761 1311 2841 σοατννοίςνίμείνοσιν

121 2875 137 2949 si
169 2872 320 2952 πρότερον.
355 2873 403 2935 its
432 2872 555 2957 pergIt:
588 2871 632 2948 μίι
664 2867 727 2949 γάρ
759 2865 905 2950 ὑπολάβῃ
936 2891 981 2940 τις
1013 2867 1095 2946 ὑμῶν
1127 2866 1164 2933 δι’
1193 2864 1231 2934 ύν
1260 2871 1310 2956 [ἐκ

120 2985 241 3060 genesis
264 2983 349 3043 reete
372 2996 436 3042 om.
461 2975 498 3060 S]
523 2974 644 3055 ἐγένετο
668 2973 711 3039 τά
735 2973 915 3053 πράγματα
938 2973 1031 3056 χείριι
1051 2974 1094 3039 τά
1114 2981 1169 3050 τῆς
1189 2973 1308 3050 πθλεινο

119 3085 171 3150 διά
211 3083 325 3149 τούτων
368 3084 453 3148 αὐτά
488 3081 585 3148 πάλιν
619 3080 837 3160 ἀναλήψεσθαι
873 3081 925 3144 καί
961 3081 1142 3159 νενιίσεσθαι
1177 3081 1308 3160 βελτίιν.

120 3189 236 3257 Sumts
264 3190 342 3255 hese
372 3193 447 3255 sunt
477 3209 517 3254 ex
547 3208 621 3275 pag.
653 3186 706 3252 25.
735 3183 786 3250 19.
812 3180 865 3250 εἷθ’
888 3182 982 3259 οὕτως
1005 3185 1189 3265 άγνονμθνωο
1214 3185 1307 3269 ἔχετε

120 3336 161 3347 -
185 3293 244 3366 (ise
267 3295 308 3361 δι’
331 3291 369 3362 siv
393 3294 427 3360 ἒιι
450 3301 571 3377 κοντῶν
595 3297 710 3373 Φαῦλα
728 3291 771 3357 τά
791 3290 975 3371 πράγματα
993 3300 1049 3368 sic
1067 3291 1185 3366 πθλεαο
1198 3293 1308 3374 γέγονε

120 3403 170 3470 irai
201 3404 317 3470 rosires
351 3400 495 3482 ἐλπίζετε
523 3400 595 3488 [τῶν
620 3401 721 3464 αὐτῶν
744 3395 884 3478 πράξεων
908 3396 986 3483 dei]
1011 3399 1045 3462 ἐκ
1067 3397 1200 3480 φαύλων
1223 3401 1308 3467 αύτά

118 3511 225 3592 meis
249 3509 450 3588 νενιίσεσθαιτ
473 3507 635 3574 Felssrins
658 3526 695 3571 eo
718 3505 758 3570 sd
780 3525 873 3570 sunm
895 3524 964 3569 rem
986 3507 1034 3569 its
1057 3506 1311 3572 sooommodevit

118 3623 155 3684 ut
189 3617 228 3681 δι’
261 3611 300 3680 ύν
332 3612 511 3679 meseulino
541 3632 657 3701 genere
688 3611 755 3690 περὶ
788 3615 846 3675 τῶν
874 3615 1036 3689 spasmos
1068 3595 1186 3677 dioeret
1208 3632 1309 3696 quum

119 3723 203 3810 apud
231 3720 481 3788 Demosthenem
509 3724 623 3784 neutro
653 3737 770 3805 genere
795 3716 834 3782 de
865 3715 1113 3782 Atheniensium
1139 3719 1255 3783 inertie
1278 3725 1311 3784 et

118 3829 262 3896 socordio
283 3827 370 3892 diets
393 3828 506 3891 essent.

161 4011 242 4100 Peg.
274 4006 351 4074 158.
384 4005 415 4072 9.
448 4005 624 4082 Ἀθηναίονς
656 4005 688 4070 δὲ
721 3999 763 4078 οἰο
795 4000 923 4085 πάτριθν
955 4004 999 4072 ἔτι
1023 4004 1150 4083 μηθενὸς
1172 4005 1305 4072 άκούειν.

117 4116 154 4182 In
187 4115 339 4184 omnibus
373 4111 464 4179 libris
500 4116 548 4178 est
581 4111 783 4187 ’ΤΠακούειν,
820 4109 904 4195 quod
939 4111 1099 4177 soloeonm
1132 4115 1197 4188 est,
1231 4132 1307 4178 nom

118 4221 284 4290 ὑπακούειν
308 4219 392 4306 opud
415 4223 538 4284 veteres
560 4220 646 4306 regit
668 4217 824 4283 dativum.
862 4214 956 4283 Solus
979 4215 1002 4281 S
1024 4237 1137 4283 verum
1157 4221 1307 4286 servavit.

117 4327 278 4396 Notabilis
307 4327 386 4392 hseo
418 4329 466 4390 est
489 4323 635 4390 lectionis
657 4325 813 4400 verietss,
837 4325 913 4409 quis
936 4334 1004 4390 tsm
1027 4343 1120 4409 saepe
1144 4323 1308 4392 ὑπακούειν

118 4443 253 4502 TlNoc
287 4435 403 4500 vitiose
436 4429 567 4518 legitur.
607 4425 656 4494 cf.
692 4449 771 4513 qnae
802 4431 988 4515 scripsimus
1019 4427 1058 4494 ed
1088 4427 1309 4518 Xenophontis

122 4539 331 4627 Cyropoediom
353 4535 510 4604 Mnemon.
538 4531 636 4602 1875.
661 4555 735 4622 pag.
762 4531 838 4599 406.

1127 4626 1143 4671 4
