3348 5086
859 575 976 643 LXXI.

747 753 856 831 Λέξεις
881 753 1079 836 Ἀριςάρχον.

367 937 615 1024 Nonnumquam
639 938 674 1000 in
696 933 832 1002 Scholiis
849 933 984 1021 Didymi
1006 937 1076 1021 ipsa
1094 933 1270 1002 Aristarchi
1289 935 1386 1002 verba
1402 934 1437 998 εἰν
1453 939 1510 999 τῶν

321 1041 550 1122 ὑπομνημάτων
580 1042 817 1126 describuntur,
849 1039 952 1108 veluti
982 1039 1022 1106 ad
1051 1040 1142 1108 Iliad.
1170 1051 1209 1108 λ.
1233 1039 1288 1110 97.
1310 1043 1369 1108 ubi
1391 1039 1510 1127 duplex

320 1151 480 1218 serebatur
501 1152 673 1237 scriptura:

501 1255 565 1322 ott·
588 1251 644 1334 dyc
668 1254 736 1337 πρὶν
758 1261 873 1333 λοιμοῖο
898 1253 1029 1334 βινρείονς
1052 1262 1162 1336 χεῖράς
1185 1253 1315 1336 ἀφέξει,

320 1370 352 1430 et
464 1375 466 1379 ’
499 1362 561 1428 οὐδ’
584 1359 640 1441 tyr
664 1361 731 1442 πρὶν
756 1371 924 1426 Δαναοῖσιν
947 1361 1054 1426 άεικέοι
1079 1361 1183 1440 λοιγὸν
1206 1361 1335 1427 άπάσει.

320 1476 358 1536 ut
377 1475 526 1558 appareat
544 1477 617 1535 utra
635 1471 677 1534 sit
696 1467 896 1534 Aristarchea
915 1467 1076 1556 Didymus
1093 1467 1373 1555 haec'adscripsit:
1399 1463 1509 1544 Λέξεις

321 1579 356 1642 ἐκ
379 1584 436 1642 τῶν
461 1577 534 1658 πρὸς
564 1575 697 1654 Κωμοννά
723 1597 730 1611 ·
765 1575 828 1652 „et
852 1574 908 1652 μὲν
932 1571 1076 1639 άεικὲον
1099 1574 1237 1653 λοιγὸν
1262 1573 1377 1655 ὄλεθρον
1401 1576 1525 1640 άπεοι-.

321 1682 400 1748 κότον
422 1683 529 1762 λέγει·
553 1687 642 1748 τοῦτο
665 1680 697 1746 δέ
718 1682 779 1749 dccv
803 1681 940 1760 άπεχάνῖ.
964 1680 1164 1761 άπριάτιρν
1189 1681 1221 1746 δὲ
1245 1681 1348 1763 ποιφὲς
1371 1683 1410 1754 ὥς
1435 1677 1509 1744 άνεν

320 1793 373 1855 τοῦ
397 1790 542 1872 πρίιισάοιι
567 1789 619 1854 sal
643 1787 759 1854 τιιῦτὸν
781 1787 823 1868 τῷ
848 1793 898 1853 νῦν
920 1786 1076 1868 λεγομένῳ
1100 1786 1279 1869 topacio?

365 1999 456 2067 Iliad.
468 2008 508 2065 A.
518 1995 592 2064 423.
608 1997 697 2076 λέγει
711 1996 896 2080 Ἀρίςινρχος
912 1997 1017 2085 (scrib.
1030 1994 1128 2074 λέξεις
1142 1996 1342 2085 Ἀριςάρχον)
1357 1999 1392 2062 ἐκ
1403 2001 1456 2064 τοῦ
1469 2009 1510 2065 Α.

322 2113 377 2180 τῆς
406 2104 537 2178 Ἰλιάδος
566 2104 804 2184 ὑπομνάμκτος·
831 2102 886 2180 ,,τὸ
911 2102 968 2182 μὶν
990 2104 1072 2181 μετ’
1095 2104 1292 2183 άμάμονοις
1317 2105 1365 2169 ἐπ’
1385 2103 1511 2184 άμάμο-

321 2239 375 2286 νοις
386 2261 394 2292 ,
422 2207 441 2275 i'
461 2212 506 2280 ἒςι
530 2210 615 2292 πρὸς
640 2209 833 2288 άμάμονς,
857 2209 1039 2288 άνονάοάς·
1064 2193 1099 2274 τὶ
1122 2210 1153 2274 δὲ
1178 2210 1509 2277 excatenatus}

321 2325 375 2385 τοῦ
409 2319 468 2384 ἐπὶ
500 2319 628 2384 διεῖπον·
662 2313 737 2383 οὕτω
761 2316 825 2397 γάρ
849 2319 899 2381 νῦν
919 2314 1056 2397 Ὅμηρος
1080 2315 1222 2384 τέθεικεν.
1247 2315 1313 2383 ἔνιοι
1339 2318 1371 2383 δὲ
1392 2322 1509 2384 ποιοῦσι

319 2434 445 2493 ΜΕΤΑ
465 2425 597 2502 taire,
617 2420 696 2497 ὅπως
719 2421 736 2505 ᾖ
757 2423 862 2496 αὐτοῖς
883 2423 1009 2488 ονῦτάάεν
1027 2423 1062 2488 τὶ
1082 2433 1206 2490 ΜΕΤΑ
1232 2425 1301 2489 ἐπί.
1321 2432 1457 2506 χρῶνταιν
1477 2425 1511 2490 δὲ

322 2534 374 2598 aa}
394 2533 530 2604 πλείονες
552 2529 642 2596 άλλοι
661 2537 719 2595 τῶν
740 2535 868 2603 πνικτῶν
885 2539 924 2612 τῇ
937 2537 1055 2595 ΚΑΤΑ
1069 2531 1137 2595 άντὶ
1150 2539 1206 2606 τῆς
1221 2529 1314 2596 'enh
1329 2538 1512 2614 Σοφοκλῆς·

570 2638 631 2716 ἐγὼ
654 2638 726 2701 νοντ’
749 2635 859 2714 αὑτὸν,
887 2636 925 2709 εἰς
950 2635 1037 2718 δρᾷς,
1062 2636 1257 2718 ἕξέρχομινι.”

365 2745 485 2832 Operae
514 2745 655 2830 pretium
688 2747 736 2808 est
766 2762 841 2807 cum
871 2741 922 2807 his
944 2742 1083 2808 conferre
1107 2746 1276 2831 antiquum
1299 2741 1449 2810 Scholion
1470 2744 1512 2810 ad

319 2850 540 2937 Aristophanis
562 2851 639 2915 Ανοο
663 2846 761 2916 1117.

680 2953 886 3030 ariarathiae
910 2954 1090 3036 περιπόλους
1115 2957 1191 3040 ἐχριῑ

592 3058 720 3142 πέμψονι
743 3061 814 3126 κατ’
837 3063 930 3128 αὑτὸν
954 3061 1059 3140 steca

318 3171 390 3252 πρὸς
414 3171 469 3244 τὴν
494 3168 523 3233 ἐν
547 3167 657 3233 Ἰλιάδι
681 3167 824 3250 νρονφιὶν·

590 3271 694 3355 χθιζὸς
720 3273 778 3354 ἔβη
804 3282 922 3340 ΚΑΤΑ
945 3274 1050 3339 doira.

316 3385 362 3448 sic
392 3383 478 3447 enim
513 3382 599 3446 hunc
632 3379 740 3446 locum
771 3380 932 3446 emendari
964 3383 1106 3465 oportere
1137 3381 1332 3448 ostendimus
1363 3385 1398 3449 in
1435 3383 1507 3451 Ver.

315 3489 408 3554 Leett.
440 3509 515 3576 pag.
551 3485 627 3553 109.
651 3486 735 3568 Quin
757 3508 871 3554 venrm
894 3489 937 3552 sit
959 3485 1046 3551 κοντοὶ
1068 3487 1164 3552 δινῖτον
1189 3495 1264 3570 (ιιοιι
1287 3489 1386 3568 μετά)
1411 3513 1508 3558 nemo

314 3594 460 3672 dubitat,
490 3592 546 3660 sed
577 3593 692 3678 quibus
713 3599 850 3658 utuntur
872 3597 1038 3678 poetarum
1062 3597 1254 3662 testimoniis
1277 3597 1505 3684 Aristophanes

316 3707 348 3767 et
379 3700 582 3766 Aristarchus
612 3701 719 3764 minus
749 3699 813 3764 huc
840 3702 1011 3785 pertinent.
1058 3700 1156 3766 Aliud
1190 3707 1238 3768 est
1272 3705 1359 3770 enim
1395 3702 1506 3782 ἐξιέναι

317 3807 401 3871 κοντοὶ
432 3829 501 3870 τινοι
533 3810 566 3870 et
595 3803 730 3883 πέμπειν
761 3805 941 3886 περιπόλους
973 3805 1058 3871 κοιτά
1090 3830 1179 3885 τινοι,
1213 3807 1302 3875 aliud
1332 3807 1390 3888 ἔβη
1420 3811 1507 3876 κοντοὶ

315 3914 421 3981 δινῖτον.
442 3975 445 3982 ,
468 3911 595 3978 Dicitur
617 3914 703 3977 enim
723 3915 807 3978 κοντοὶ
830 3912 925 3977 δονῖτον
945 3917 983 3978 ut
1003 3915 1075 3978 νοντ’
1096 3914 1265 3994 ἐμπορίαν,
1285 3917 1356 3981 καθ’
1377 3918 1506 3996 teactae,

317 4021 402 4085 κοντοὶ
434 4017 559 4100 ζήτησιν
590 4017 677 4096 βίον,
701 4018 786 4083 κοντοὶ
810 4017 917 4096 λεῖοιν,
942 4019 1023 4096 ἥκεις
1047 4018 1079 4085 δὲ
1103 4021 1190 4087 κοντοὶ
1212 4022 1260 4102 rl;
1285 4029 1318 4089 et
1341 4025 1414 4090 sim.
1437 4045 1506 4111 per-

315 4126 428 4192 multa
477 4121 594 4191 Contra
625 4121 735 4200 ἕξιὲνονι
755 4125 852 4208 Ικοντά
883 4150 951 4190 τινιι
985 4131 1033 4192 est
1064 4128 1110 4192 ire
1143 4129 1177 4192 ιἰι
1212 4129 1338 4208 hostem,
1376 4129 1503 4211 πέμψαι

318 4233 389 4296 κάτ’
422 4229 515 4296 αὐτόν
546 4236 594 4296 est
624 4231 779 4296 immittere
807 4233 841 4296 νἰι
870 4256 952 4312 ενοι,
978 4233 1094 4298 mittere
1116 4236 1169 4321 qui
1192 4258 1227 4300 επ
1240 4237 1327 4321 supa
1349 4239 1504 4302 retrahant

317 4345 345 4402 et
374 4337 531 4402 adducant.
576 4337 663 4416 Ἔβιρ
696 4337 780 4404 κοντοὶ
804 4339 900 4404 δοῖπον
923 4339 1002 4404 nihil
1026 4339 1114 4405 aliud
1137 4346 1185 4407 est
1208 4363 1305 4428 quam
1329 4344 1503 4422 δειπνήσων.

316 4442 437 4511 Eodem
458 4443 553 4510 modo
577 4443 765 4512 Theocritus
789 4445 912 4512 dixerat
935 4443 1006 4510 Vll.
1030 4443 1099 4512 24.-
