3304 5090
662 383 727 454 227

115 597 182 662 equo
208 577 349 643 Troiano.
398 575 627 661 Neoptolemus
656 577 821 664 pugnandi
853 574 967 643 aridus
998 578 1143 662 precibus
1170 575 1286 663 fatigat

115 681 263 766 Ulyssem,
288 690 327 747 ut
357 703 424 747 sese
454 685 582 747 emittat
613 682 714 765 iores,
747 683 761 747 ί
795 683 827 746 δέ
854 708 896 760 με
920 681 1013 758 μάλα
1036 683 1130 748 πόλλ’
1152 681 1286 748 ἱκέτευεν

116 788 224 850 ι’ττέίεν
246 787 398 864 ε’ξίμειιιι.
434 788 470 852 lu
496 790 587 852 cuius
611 789 713 874 igitur
737 807 834 852 mann
859 795 926 854 erat
945 797 1001 853 aut
1021 788 1161 854 clausam
1182 796 1286 853 tenere

115 895 225 958 ianuam
255 903 311 959 aut
344 895 522 968 recludere,
545 915 639 979 penes
664 913 735 958 eum
763 903 831 959 erat
854 915 982 959 summa
1006 897 1133 980 imperii
1156 899 1188 959 et
1210 893 1287 958 soci·

116 1019 194 1063 orum
213 1001 278 1064 rita
302 1007 334 1066 et
358 999 454 1065 salus.
492 999 554 1065 Sed
579 999 691 1064 molles
716 1005 748 1064 et
769 999 933 1065 delicatuli
953 999 1051 1065 aulici
1069 1000 1149 1065 hano
1169 1001 1287 1064 incom-

117 1111 173 1169 tam
202 1105 441 1191 simplicitatem
478 1123 541 1170 non
577 1103 753 1190 capiebant.
800 1104 887 1170 Audi
922 1104 1059 1172 alterum
1093 1103 1286 1189 exemplum.

117 1209 213 1298 Odyss.
235 1210 278 1276 H.
303 1209 382 1276 225.

602 1311 706 1379 ίδίντοο
729 1339 770 1393 με
796 1314 848 1380 eat
872 1313 958 1381 λίποι
981 1315 1054 1382 alde

234 1429 341 1499 κτῆσιν
364 1423 440 1499 ἐμην
466 1419 570 1498 δμῶάς
595 1444 631 1485 τε
654 1419 707 1486 καὶ
734 1421 885 1502 ὑψερεφὲς
908 1419 997 1501 μίγοι
1022 1421 1120 1499 δῶμκ.

153 1529 332 1617 Indignatur
361 1527 596 1612 Aristophanes.
644 1523 749 1606 Quidl
784 1525 943 1592 Haeccine
966 1529 1171 1612 potissimum
1194 1525 1290 1614 Ulys-

117 1655 173 1716 sem
191 1637 293 1701 ridere
314 1639 461 1720 expetere
480 1640 553 1698 ante
573 1635 681 1698 omnia
700 1633 807 1707 κτῆσίν
830 1657 864 1696 τε
885 1632 990 1708 δμῶάς
1007 1631 1057 1698 rel
1069 1634 1286 1717 nonpotriam,

117 1761 169 1807 non
188 1745 320 1807 acorem!
342 1740 428 1806 Audi
451 1742 576 1824 ipsum:
598 1737 816 1804 '‘AMelNON
836 1733 912 1804 ”AN
931 1737 1008 1804 ἯΝ

437 1845 560 1921 πατρίδ’
586 1845 662 1921 ἐμὴν
686 1843 802 1924 άλοχίν
827 1868 873 1909 τε.
902 1848 926 1927 ¹)

118 1953 210 2034 κομιδῇ
238 1955 300 2034 γάρ
331 1952 533 2029 ομικρολίγοε
565 1953 713 2030 φκίνετοιι
746 1953 926 2030 προτάττειν
959 1957 1017 2015 τῶν
1044 1949 1210 2028 φιλτάτων
1232 1949 1288 2024 την

118 2067 225 2134 τοῦτον,
248 2063 287 2130 oc
311 2058 398 2136 πκρά
423 2060 585 2137 Μενάνδρῳ
611 2057 774 2135 Σμικρίνης
799 2058 829 2120 ἐν
856 2056 1100 2138 Ἐπιτρίτουτεκ
1143 2057 1192 2120 Ex
1214 2075 1290 2120 suae

119 2169 216 2231 aetatis
235 2164 366 2231 modulo
389 2155 512 2229 animos
536 2183 572 2228 ac
596 2169 720 2227 mentes
743 2169 801 2228 τῶν
827 2165 923 2242 ἡρώιον
946 2166 1080 2229 metitur
1102 2166 1134 2228 et
1156 2160 1239 2226 nihil
1262 2162 1292 2226 ei

119 2272 250 2337 interesse
272 2271 400 2337 ridetur
423 2268 636 2334 Smicrinesne
659 2268 809 2354 loquatur
832 2290 873 2334 an
895 2269 996 2335 heros.
1033 2269 1291 2336 Ptolemaeorum

118 2397 198 2443 nemo
225 2397 377 2462 umquam
408 2377 456 2440 ita
486 2375 637 2440 dixisset:
669 2375 780 2458 crede,
811 2375 866 2440 sed
893 2376 969 2460 quid
993 2376 1033 2441 ad
1056 2375 1237 2442 Homerum
1257 2371 1292 2437 id

119 2481 238 2550 attinet?
260 2482 402 2548 Eandem
427 2502 466 2546 ex
491 2486 585 2546 cantu
609 2501 703 2547 avem
726 2501 877 2568 agnosces
899 2480 1012 2568 Odyss.
1036 2491 1071 2548 Β.
1097 2477 1171 2546 133.

353 2587 447 2652 κκκδν
470 2587 502 2652 δέ
523 2610 564 2664 με
590 2587 682 2651 πάλλ’
708 2588 863 2652 άποτίνειν
885 2589 1016 2669 Ἱκοιρίερ.

119 2693 238 2780 simplex
258 2695 373 2759 horum
396 2695 567 2759 verborum
590 2696 747 2758 sententia
771 2694 976 2778 Aristophani
999 2694 1138 2758 indecoro
1161 2697 1193 2759 et
1209 2694 1291 2757 into-

119 2799 232 2867 leranda
258 2803 325 2867 visa
357 2805 423 2864 eet:
456 2801 481 2862 εί
507 2799 574 2878 περὶ
599 2801 772 2879 χρημάτων
796 2797 889 2878 ίλεγε
911 2802 1113 2878 σμικρολόγος
1138 2797 1176 2865 άν
1199 2795 1292 2879 ἐφορί-

120 2929 182 2971 ιετο.
227 2907 333 2992 ltaque
363 2925 403 2970 ne
434 2904 468 2968 id
499 2901 589 2970 fieret
621 2911 821 2970 commentus
852 2910 900 2969 est
923 2905 1148 2990 Aristophanes
1171 2905 1210 2970 de
1234 2925 1290 2970 suo

120 3011 276 3078 mirificum
299 3010 459 3097 quoddam
483 3016 516 3075 et
538 3013 740 3096 perineptum
765 3008 956 3088 ὑπίρβειτον,
981 3011 1019 3077 de
1043 3032 1105 3096 quo
1127 3010 1209 3076 inira
1230 3012 1291 3076 erit
1388 3073 1390 3080 .

121 3117 230 3184 dicendi
247 3119 343 3184 locus.
389 3115 421 3181 N
423 3137 483 3180 uno
505 3115 658 3181 Zenodoti
677 3123 844 3202 peccatum
863 3137 902 3182 ex
923 3116 1034 3182 eodem
1053 3117 1140 3184 fonte
1159 3116 1293 3182 ductum

121 3225 317 3310 inspiciamus.
364 3220 455 3287 Iliad.
481 3229 514 3286 r.
542 3220 619 3286 422.

239 3329 413 3410 άμφίπολοι
438 3329 494 3405 μὲν
518 3327 627 3392 ἔπειτα
651 3328 721 3397 doale
746 3326 795 3392 ἐπὶ
821 3323 897 3404 ἔργον
921 3325 1088 3406 τράποντο,

241 3437 258 3510 τί
281 3435 307 3501 δ’
332 3437 375 3505 είς
400 3435 551 3513 ὑψόροφον
577 3434 717 3510 θάλαμον
742 3433 787 3498 κίε
812 3431 863 3498 δῖοι
887 3439 1050 3510 γυναικῶν.

241 3551 278 3624 τῇ
301 3542 327 3606 δ’
350 3540 412 3620 άροι
435 3540 538 3620 δίφρον
563 3540 677 3604 tamea
700 3539 909 3620 φιλομμειδὴς
934 3537 1102 3620 Ἀφροδίτη

241 3649 319 3713 άντί’
343 3643 553 3723 Ἀλεξάνδροιο
577 3646 630 3710 ίεά
655 3647 805 3719 κοιτὲίηκε
829 3646 981 3724 φίρουοοι·

242 3754 309 3819 lata
333 3751 435 3833 κάθιζ’
458 3753 566 3824 Ἐλίνη
592 3751 679 3831 κούρη
704 3751 777 3822 Arde
801 3751 955 3831 οιίγιίχοιο

242 3859 310 3926 dere
334 3858 433 3924 πάλιν
456 3859 611 3935 κλίνοιτκ,
637 3858 725 3922 τίσιν
750 3857 777 3922 δ’
801 3859 938 3934 ἠνίπαπε
960 3856 1053 3939 μιίίῳ.

125 3964 157 4029 ad
183 3965 253 4032 haec
282 3967 481 4032 Aristonicus
513 3966 668 4049 excerpsit
691 3983 730 4028 ex
752 3963 930 4030 Aristarchi
953 3963 1205 4029 commentariis:
1229 3961 1292 4025 άπδ

155 4157 176 4222 l)
192 4159 276 4211 Sumsit
291 4161 348 4210 haec
367 4159 536 4225 Aristophanen
553 4173 580 4208 ex
598 4158 667 4208 iliad.
685 4159 716 4210 Ε.
734 4163 791 4208 2¹³.

330 4247 431 4312 πατρίδ’
451 4245 511 4309 ipis
529 4245 624 4313 άλοχίν
643 4265 674 4297 τε
693 4247 735 4298 scri
753 4245 870 4313 ιίίιερεφδρ
888 4247 958 4310 μίγη
975 4245 1052 4310 δῆμον.

127 4329 155 4375 ol
169 4333 239 4381 cuam
255 4331 394 4383 rerdeuluac

367 4425 454 4481 ernon
472 4417 530 4482 ίμιὶν
548 4419 630 4482 δμῶάς
649 4436 679 4470 τε
697 4419 738 4469 καί
757 4417 873 4484 ιίίεερεφδς
893 4417 961 4482 μίγεν
979 4417 1049 4481 espa

134 4513 252 4580 nauoque
266 4514 370 4564 carmine
385 4513 495 4572 κυκλικίς
513 4511 553 4564 rid
570 4511 639 4563 lliad.
659 4511 685 4562 δ’.
702 4517 761 4563 ³³8.
780 4511 865 4578 odyss.
883 4511 916 4560 H.
934 4513 982 4560 aaa
999 4513 1024 4558 et
1043 4507 1068 4558 ί.
1087 4507 1143 4559 526.
