3304 5090
690 365 755 436 175

139 549 333 627 ΜεοοοόΓιρς.
359 559 392 619 et
416 553 500 639 opud
523 553 629 620 Schol.
654 555 798 642 Thucyd.
824 555 878 624 IV.
903 555 934 622 8.
959 555 1048 639 λόχοι
1068 554 1319 634 Λακεδαιμονίων

139 657 227 720 πέντε
257 659 415 736 Λίδοίλιος,
448 661 558 736 Σίνης,
589 661 742 737 Σαρίνας.
768 663 891 736 Πλόας,
919 663 1093 738 Μεοοοίτιρς.
1145 663 1320 748 Utrobique

138 763 326 841 ΜεοοοοίΤης
359 767 592 852 reponendum,
623 769 802 856 c.regione
825 769 913 834 urbis
936 767 1085 855 Spartae,
1110 773 1163 835 cui
1187 767 1318 836 Μεοτόα

137 888 257 934 nomen.

179 1065 255 1153 Pag.
279 1061 355 1130 365,
373 1067 407 1154 ⁴oi
430 1067 461 1131 δὲ
481 1069 633 1151 (Δωριεῖς)
657 1069 872 1150 κατασχόντες
894 1071 948 1144 τὴν
971 1069 1150 1144 Λακωνικὴν
1164 1079 1235 1134 ΚΑΙ
1247 1075 1319 1133 κατ’

137 1173 235 1250 ἀρχὰς
267 1173 324 1248 μὲν
360 1172 562 1252 ἐσωφρόνουν,
594 1175 660 1238 ἐπεὶ
694 1175 719 1239 δ’
753 1183 841 1256 ΟΥΝ
873 1174 1040 1256 Λυκούργῳ
1072 1178 1126 1250 τὴν
1161 1175 1319 1240 πολιτείαν

137 1279 305 1356 ἐπέτρεψαν
336 1283 477 1342 τοσοῦτον
513 1279 740 1358 ὑπερεβάλοντο
775 1281 844 1354 τοὺς
879 1280 1012 1357 ἄλλους,
1049 1279 1106 1349 τότε
1145 1281 1227 1359 μόνοι
1262 1287 1320 1344 τῶν

137 1384 284 1458 Ἑλλήνων
317 1384 369 1446 καὶ
401 1391 459 1460 γῆς
492 1385 543 1450 καί
577 1387 737 1460 όαλοίττης
771 1384 913 1467 ἐπῆρξαν.
960 1386 1003 1450 Et
1035 1408 1084 1452 ros
1107 1389 1176 1472 ipsa
1197 1393 1229 1452 et
1253 1409 1321 1452 ver-

136 1491 244 1554 borum
267 1493 455 1574 compositio
477 1490 582 1556 labem
608 1499 755 1580 arguunt.
803 1492 960 1578 Exporge
983 1491 1155 1576 molestum
1176 1491 1230 1556 καί
1246 1513 1320 1558 cum

137 1593 245 1672 Cerci,
282 1601 315 1660 et
349 1599 455 1684 cogita
491 1618 569 1681 quae
605 1597 683 1663 olim
715 1598 811 1662 fuerit
842 1599 1008 1682 oppositio.
1056 1597 1178 1664 Notum
1209 1603 1320 1662 estex

136 1701 262 1768 historia
290 1708 362 1767 ente
392 1701 580 1790 Lycurgum
612 1702 759 1788 Spartam
795 1704 897 1768 turbis
932 1703 1082 1790 civilibus
1118 1704 1321 1770 vehementer

136 1807 296 1873 laborasse.
342 1807 534 1873 Plutarchus
558 1811 591 1873 in
615 1809 740 1894 Lycary.
762 1831 828 1894 cap.
852 1808 882 1876 7.
905 1815 977 1874 ante
998 1809 1183 1896 Lycurgum
1206 1809 1319 1886 ἀνομία

136 1915 184 1976 καί
217 1912 336 1990 οίταξία
363 1914 502 1993 κατὲτχε
527 1915 582 2000 aba
608 1914 756 2000 Σποίρτιρν
781 1916 830 1978 ἐπὶ
856 1917 953 1979 πολὺν
976 1913 1093 1994 χρόνον.
1140 1914 1321 1980 Herodotus

137 2019 159 2082 I.
185 2018 236 2084 65.
275 2018 538 2103 (Λακεδαιμόνιοι)
566 2022 812 2106 κααονομοίτατοι
834 2017 911 2096 ἦσαν
929 2021 1040 2100 σχεδὸν
1061 2022 1189 2084 πάντων
1204 2019 1319 2092 'Ettri-

137 2151 187 2190 ναν
217 2124 302 2190 κατοί
332 2151 367 2190 τε
392 2125 492 2203 σφέας
520 2127 629 2198 αὐτοὺς
656 2127 707 2190 καί
735 2127 853 2205 ξείνοισι
877 2127 1089 2205 ἀπρόσμικτοι.
1137 2125 1242 2211 Reges
1265 2128 1321 2189 aut

135 2233 323 2316 impotenter
361 2231 625 2316 dominabantur,
662 2239 718 2298 aut
751 2234 845 2299 malis
880 2233 1002 2299 artibus
1036 2232 1147 2317 populi
1181 2233 1320 2317 gratiam

137 2337 300 2421 captabant
327 2337 362 2420 ¹).
397 2335 494 2401 Pater
515 2339 582 2428 ipse
607 2338 749 2426 Lycurgi
768 2341 802 2404 in
821 2341 891 2402 rixa
910 2338 1012 2403 cultro
1031 2357 1196 2422 percussus
1215 2337 1320 2419 periit.

136 2443 295 2508 Plutarch.
328 2441 350 2506 l.
375 2440 396 2505 l.
428 2441 514 2507 Hinc
545 2443 638 2509 facilc
670 2443 803 2531 colligas
834 2447 1063 2530 oppositionem
1094 2445 1127 2506 in
1159 2439 1322 2524 Strabonis

136 2549 198 2614 loco
229 2549 312 2614 hauc
343 2546 422 2612 olim
454 2547 563 2614 fuisse:
598 2551 671 2614 κατ’
702 2551 806 2636 οίρχόις
837 2551 893 2636 μὲν
919 2558 1003 2614 OTK
1029 2546 1230 2628 ἐσωφρόνουν,
1255 2544 1320 2610 ἐπεί

137 2665 188 2720 ΔΕ
210 2653 378 2734 Λυκούργῳ
402 2655 456 2728 τίρν
480 2657 640 2746 πολιτείαν
665 2656 860 2736 ἐπέτρεψαν,
885 2657 947 2720 nisi
971 2653 1055 2740 quod
1076 2673 1133 2739 pro
1157 2655 1211 2725 τίρν
1236 2665 1322 2716 πολι-

136 2778 214 2841 τείαν
240 2776 428 2842 Strabonem
453 2778 612 2861 scripsisse
637 2778 691 2844 rin
716 2777 823 2842 πίιιΙΝ
851 2757 918 2864 (τό)
942 2777 1093 2859 suspicor.

176 2987 289 3052 Strabo
312 3007 387 3075 pag.
413 2983 492 3051 866.
519 3007 557 3052 ex
580 2985 706 3070 Ephoro
729 2985 806 3050 haec
825 2989 949 3049 narrat:
972 2983 1090 3054 ἐκείνοις
1115 2982 1321 3070 (Eurystheni

135 3100 165 3158 et
194 3092 314 3172 Procli)
348 3093 378 3156 δὲ
406 3093 517 3171 καίτερ
541 3093 670 3160 οίαιςαῖς
694 3090 864 3168 γενομένοις
889 3089 968 3167 μηδὲ
990 3094 1079 3154 τοῦτο
1101 3089 1239 3154 δεδόσθαι
1264 3087 1321 3168 τότε

135 3202 199 3270 τοὺς
224 3200 282 3264 ἀπ’
307 3201 406 3263 αὐτῶν
429 3197 500 3270 τοὺς
523 3197 586 3274 μὲν,
604 3197 840 3277 Εὐρυοόενίδας,
871 3196 1061 3277 (describam
1085 3195 1266 3280 reliquant
1289 3198 1323 3260 in

135 3301 245 3372 Codice
269 3304 414 3370 Parisino
437 3314 466 3369 A
490 3306 608 3388 scripta
634 3309 707 3368 sunt
730 3323 805 3368 cum
829 3299 1016 3366 lacunarum
1039 3300 1293 3386 supplementis).

137 3411 163 3476 1.
209 3413 279 3484 τοὺς
328 3411 359 3474 δὲ
401 3409 581 3489 τροκλείδας
625 3411 786 3474 καλεῖσθαι
829 3409 930 3488 (οίλλα
974 3407 1042 3478 τοὺς
1084 3406 1153 3491 μὲν)

135 3517 162 3581 2.
209 3519 326 3596 οίρίδας
340 3516 401 3580 rint
416 3513 523 3593 ἄγιδος
537 3518 589 3578 τοῦ
603 3515 789 3593 εὐρυοόόνους
802 3515 871 3585 τοὺς
885 3512 930 3600 δ(ἔ
944 3511 1109 3594 εὐρότοδας
1122 3513 1156 3598 ri.)

137 3621 166 3688 3.
212 3626 250 3688 τό
273 3605 456 3700 εὖρυποδντος
476 3625 529 3686 τοῦ
554 3621 713 3700 προκλίους
739 3620 809 3691 τοὺς
832 3619 889 3698 μὲν
912 3621 987 3699 (γὰρ
1011 3619 1161 3704 βασιλεῦ)

135 3731 163 3794 4.
211 3754 264 3794 ται
299 3729 441 3802 δικαίως,
476 3727 544 3798 τοὺς
577 3727 607 3791 δὲ
641 3725 824 3804 δεξαμένους
854 3725 1024 3810 &arbiratur
1056 3725 1163 3809 οίνόρώ)

135 3836 162 3900 5.
210 3855 285 3906 τους
321 3833 359 3897 δι’
388 3832 511 3906 Ιἐκείνων
540 3833 735 3900 δυναςεῦοαι.
766 3831 844 3918 itast
876 3833 935 3896 οὐδ’
966 3831 1164 3918 οίρχιργότας)

136 3939 165 4007 6.
211 3942 404 4018 νομισθῆναι,
425 3935 496 4017 ὅπερ
517 3941 611 4002 πατιν
633 3936 824 4026 ἀποδίδοτα(ι
845 3945 907 4011 τοῖς
929 3941 1057 4008 οίκιςαίς
1079 3939 1158 4022 ταυ)

136 4046 163 4112 7.
200 4045 323 4116 ,οανίαν
354 4068 388 4110 τε
420 4051 478 4110 τῶν
501 4045 665 4125 εὐρυποδῶν
688 4043 875 4134 innectebat
897 4045 1008 4117 οίδίιοοις
1033 4043 1067 4106 εἰς
1090 4043 1158 4129 τῆς)

169 4305 195 4374 1)
222 4307 343 4356 Scribitnr
366 4306 428 4370 spud
451 4307 516 4356 Plut.
542 4305 607 4368 ίίβρει
633 4305 677 4366 μὲν
703 4311 751 4353 τόν
776 4303 896 4366 pierreius
922 4303 963 4354 οόκ
985 4299 1102 4371 είιποιθτίᾳ
1121 4303 1147 4355 ti
1166 4311 1215 4356 πᾶν
1233 4305 1324 4370 όχλοιν.

138 4395 195 4461 Leg.
219 4397 339 4456 βασιλίσιν
363 4394 487 4460 Ἀπειόνίᾳ
510 4392 543 4444 ti.
583 4397 712 4460 Postquam
738 4401 796 4446 uoto
820 4411 900 4446 errore
919 4393 1036 4462 εὐπειθείᾳ
1055 4395 1171 4460 scriptum
1188 4399 1224 4446 est
1239 4397 1325 4462 aliquis

134 4483 174 4534 σία
191 4487 289 4538 eddidit.

223 4599 242 4636 Ι
