3348 5086
885 357 952 432 888

325 561 383 622 τῶν
407 547 669 632 συμφραζομένων
691 553 871 638 excogitare
894 551 1015 640 aliquid
1038 553 1122 641 quod
1145 552 1308 639 probabile
1331 557 1423 620 oeeet.
1456 551 1514 618 Fe-

325 662 408 730 follit
432 677 672 742 nonnumquam
695 660 730 723 in
753 657 872 724 talibus
896 661 1119 726 acutissimum
1142 662 1251 726 virum
1276 661 1392 745 opinio.
1435 658 1517 739 Quis

327 761 519 833 mirabitur?
561 762 730 831 Discamus
762 767 869 850 potius
902 787 942 832 ne
978 770 1013 832 in
1042 767 1219 832 Aristarchi
1253 764 1385 851 quidem
1417 764 1517 831 rerba

325 877 450 948 iurare,
483 877 515 936 et
544 877 709 957 propterea
737 872 945 957 inspiciamus
975 871 1077 938 ulium
1110 873 1267 958 opinionis
1298 891 1457 949 errorem,
1480 872 1517 936 in

324 1001 420 1068 quem
443 974 635 1046 (triticorum
658 980 803 1065 princeps
823 977 1009 1063 implicatus
1031 983 1080 1044 eet
1103 980 1138 1043 in
1161 977 1253 1043 Iliad.
1278 987 1315 1044 K.
1336 975 1414 1044 226.

467 1156 470 1168 1
828 1087 937 1161 μοῦνος
960 1085 986 1150 δ’
1010 1081 1095 1166 εἴπερ
1118 1109 1154 1149 τε
1178 1084 1266 1166 vairp

463 1190 552 1257 άλλά
575 1187 610 1255 τά
632 1211 671 1255 σον
693 1187 838 1270 βράσσων
860 1215 895 1256 τε
920 1189 1000 1268 νόος,
1025 1192 1128 1265 armis
1151 1191 1183 1256 al
1206 1214 1242 1254 τε
1265 1199 1367 1266 μῆτις.

370 1299 586 1368 Aristonicus:
613 1299 631 1373 ἦ
655 1296 748 1372 διπλῆ
771 1292 818 1361 dcc
839 1299 864 1362 oi
888 1281 1131 1382 γλωσσογράφον
1155 1293 1344 1378 βράσσων
1367 1295 1436 1360 cirri
1461 1297 1518 1360 τοῦ

326 1405 508 1474 ἐλάσσων
531 1404 593 1468 άτὸ
616 1406 670 1490 τοῦ
695 1401 838 1484 βραχύς·
862 1403 937 1469 άλλ’
960 1406 1095 1480 οὐδαμοῦ
1118 1403 1269 1485 sixtina
1292 1401 1389 1482 τούτῳ
1409 1398 1518 1479 ''Olcn-

328 1537 386 1598 ρος.
410 1508 627 1577 ἀποδοτέον
657 1505 707 1574 οὖν
729 1506 939 1589 βρασσόμενος
963 1508 1193 1592 ταρασσόμενος
1218 1509 1269 1574 διά
1291 1507 1327 1573 τὸ
1351 1506 1433 1582 δέος,
1453 1508 1518 1588 οὐχ

326 1621 439 1695 isandeo
464 1617 514 1682 aaa
537 1617 592 1690 ricc
614 1614 762 1694 άγωνίαν.
808 1615 875 1702 Ipsi
896 1616 1079 1682 Aristarcho
1102 1617 1211 1702 reponi
1237 1618 1350 1702 possit:
1371 1611 1449 1679 άλλ’
1468 1615 1520 1679 οὐ·

328 1729 428 1805 aenae
463 1722 561 1804 τούτῳ
597 1720 746 1803 κέχρηται
776 1719 925 1804 Ὅμηρος.
984 1720 1081 1788 Verbi
1116 1721 1242 1803 βράσσω
1277 1743 1334 1808 pro
1368 1719 1519 1800 ταράσσω

327 1852 484 1920 nusquam
521 1829 596 1896 vola
625 1833 682 1893 aut
711 1829 889 1916 vestigium
924 1834 982 1895 est.
1029 1824 1148 1895 Contra
1176 1828 1316 1909 βραχύς,
1350 1828 1519 1907 βράσσων,

327 1941 481 2022 βράχντος
506 1939 591 2001 certa
613 1932 761 2022 analogia
783 1936 910 2000 nititur.
933 1932 1045 2020 Itaque
1062 1956 1157 2001 nemo
1175 1938 1209 1999 in
1229 1955 1266 2001 ea
1282 1955 1317 2000 re
1340 1933 1521 2000 Aristarchi

327 2046 549 2115 auctoritatem
579 2045 706 2106 secutus
736 2046 785 2106 est
813 2047 845 2106 et
876 2039 1021 2122 βράσσων
1044 2039 1106 2113 νόος
1129 2043 1283 2128 accipitur
1306 2042 1345 2107 ab
1368 2041 1521 2106 omnibus
1653 2123 1654 2134 ἶ

326 2155 421 2220 utin
444 2149 587 2236 limonia
609 2145 782 2213 versiculo:

599 2256 665 2318 νοῦν
687 2253 713 2318 δ’
738 2249 824 2332 εἶχεν
848 2252 1001 2319 ἐλάσσονα
1025 2253 1213 2336 σκννδάψονο.

372 2361 574 2431 Herodianus
603 2359 670 2439 cepi
694 2367 772 2424 Μον.
796 2373 838 2427 Λ.
861 2381 891 2446 p.
907 2356 960 2426 37.
986 2359 1018 2426 4.
1047 2381 1235 2427 enumerans
1259 2357 1394 2438 toleror,
1418 2357 1521 2439 βράσ-

327 2497 402 2549 σων,
441 2466 588 2544 πάσσων,
619 2464 765 2544 μάσσων,
796 2466 924 2545 βάσσων
954 2467 1080 2556 (βαάάς)
1116 2473 1148 2534 et
1179 2466 1339 2546 ἐλάσσων,
1374 2466 1412 2532 de
1443 2467 1520 2530 Ari·

327 2577 446 2645 starchi
476 2575 623 2660 opinione
654 2593 693 2638 ne
728 2573 863 2639 verbum
894 2574 1024 2660 quidem
1057 2574 1152 2653 facit,
1185 2576 1260 2661 qnia
1295 2576 1364 2640 iam
1401 2591 1518 2650 nemo,

327 2684 435 2761 credo,
460 2702 531 2747 eam
554 2680 714 2746 tuebatur.

866 2995 969 3061 LXX.

734 3220 934 3270 dromones
957 3221 1105 3271 monins.

372 3413 522 3482 Vidimus
551 3411 761 3499 Apollonium
791 3412 956 3481 Rhodium
983 3414 1107 3482 laudari
1138 3416 1169 3481 iv
1192 3417 1233 3496 τῷ
1258 3413 1331 3496 πρὸς
1355 3413 1521 3491 Ζηνόδοτον

327 3528 360 3589 et
394 3521 434 3586 ab
469 3539 506 3588 eo
536 3539 592 3605 pro
627 3518 794 3591 άνέσοοντες
831 3521 897 3610 legi
933 3522 1113 3602 άναάάντες,
1149 3523 1184 3589 id
1216 3527 1264 3589 est
1297 3543 1354 3609 pro
1383 3525 1520 3608 antiqua

326 3627 433 3716 glossa
463 3624 655 3692 vocabulum
686 3627 832 3713 populari
863 3648 1006 3694 sermone
1034 3632 1158 3694 tritum.
1205 3628 1242 3695 Si
1265 3631 1390 3715 scripsit
1413 3635 1520 3694 σονάσο

326 3733 504 3800 Ζοννοάοιωνν
544 3730 637 3798 facile
678 3733 893 3821 intelligimus
935 3733 974 3799 de
1014 3733 1150 3802 Homeri
1190 3738 1450 3822 interpretatione
1484 3743 1520 3803 et

326 3841 545 3907 emendatione
575 3841 609 3903 in
638 3859 675 3905 eo
704 3839 785 3905 libro
816 3845 924 3906 actum
957 3841 1064 3906 luisse.
1111 3840 1202 3908 Sitne
1234 3841 1396 3915 οἰνωθέντες
1419 3843 1519 3930 Apol-

325 3948 404 4015 lonii
437 3947 587 4011 correctio
617 3966 658 4010 an
688 3966 750 4011 non
780 3949 823 4012 sit
854 3949 925 4032 quis
953 3945 1056 4014 dicati
1100 3947 1163 4014 Sed
1186 3951 1213 4014 si
1235 3951 1280 4014 sic
1303 3969 1361 4034 pro
1384 3950 1519 4016 obscuro

327 4059 359 4120 et
389 4054 552 4137 antiquato
583 4049 750 4124 άνέσαντσο
782 4052 820 4118 de
852 4072 909 4118 suo
940 4055 1067 4141 scripsit
1098 4053 1163 4121 vile
1195 4056 1348 4121 damnum
1376 4061 1424 4122 est
1448 4077 1519 4122 ose-

325 4165 393 4224 tera
423 4159 563 4243 periisse.
612 4157 748 4224 Omnino
779 4180 841 4223 non
871 4160 899 4225 is
932 4167 980 4226 est
1008 4161 1195 4247 Apollonius
1225 4161 1386 4236 Rhodius.
1419 4185 1518 4249 quem

327 4285 365 4330 ex
388 4264 599 4345 Ατροαααιὶοἱο
629 4263 725 4349 probe
755 4267 921 4353 cognitum
951 4266 1123 4352 habemus,
1157 4273 1195 4332 ut
1225 4290 1299 4334 eum
1324 4270 1363 4335 de
1385 4268 1518 4358 linguae

326 4368 515 4435 Homericae
547 4389 608 4435 usu
638 4369 797 4436 dicentem
827 4373 936 4438 audire
969 4375 1087 4460 cupias.
1135 4372 1324 4441 Incredibile
1350 4377 1439 4442 dictu
1468 4383 1518 4442 est

325 4479 359 4544 in
382 4495 478 4563 quam
501 4479 698 4561 portentosos
722 4498 839 4544 errores
862 4500 895 4545 se
918 4479 1014 4546 homo
1033 4479 1179 4568 implicet
1197 4501 1298 4570 quum
1316 4503 1349 4550 se
1366 4482 1517 4572 linguam
