3356 5084
728 344 791 412 471

210 531 370 620 Pnoquens
391 532 452 598 hoc
473 553 575 620 genus
598 534 707 600 mendi
730 540 778 601 est
800 535 903 603 voluti
925 555 1000 623 pag.
1026 531 1078 603 72.
1106 533 1159 602 16.
1179 533 1296 608 λήσεθ’
1315 533 1353 604 ῶς

166 641 231 718 ἐμοὶ
256 641 352 718 δοκεῖ,
376 639 433 704 ubi
455 637 479 703 S
502 639 635 713 λύσεσθ.

209 746 291 835 Pag.
319 743 398 813 274.
425 743 478 812 17.
503 745 636 820 ἀδύναθ’
660 749 699 819 ῶς
723 744 826 811 ἔοικεν.
850 744 873 812 S
898 744 1049 821 ἡδύνασό.

210 852 291 940 Peg.
317 850 393 917 306.
418 849 449 916 8.
474 853 654 933 προύτίθεθ’
678 853 774 931 ὑμεῖς.
800 851 823 918 S
846 853 1043 932 πριύτόθεσθ,
1068 853 1125 919 alii
1144 853 1331 935 προύτόθετε.

210 958 290 1046 Peg.
317 956 394 1023 468.
421 956 471 1022 10.
498 958 637 1033 ἒςύσαΘ’
662 960 760 1037 ὑμεῖς.
785 960 814 1025 Α
838 964 871 1024 et
893 959 919 1026 F
942 959 1099 1034 ἔςύσασθ.

211 1064 292 1152 Pag.
318 1061 394 1130 778.
421 1062 451 1128 3.
475 1064 559 1142 μόνοι
584 1063 730 1147 δικόζεΘ’
755 1068 836 1142 ημῖν.
863 1063 886 1130 S
909 1065 1071 1147 δικάζεσθ.

210 1171 261 1236 Ad
291 1170 351 1236 hoc
381 1170 565 1256 exemplum
594 1171 699 1238 multa
729 1175 849 1258 passim
879 1173 964 1258 apud
995 1171 1243 1238 Demosthenem
1266 1167 1357 1236 refin-

165 1276 271 1363 genda
300 1280 391 1354 sunt;
423 1296 524 1342 crases
554 1298 678 1363 qnoque
707 1282 830 1344 veteres
862 1282 894 1344 et
928 1283 1031 1345 certae
1065 1276 1279 1354 revocandae,
1317 1277 1356 1342 de

167 1382 283 1468 quibus
306 1380 385 1447 alibi
408 1381 537 1448 dabitur
558 1384 683 1449 dicendi
705 1383 805 1450 locus.
1259 1393 1262 1400 '

210 1483 349 1553 urnac
378 1490 464 1573 ipsa,
496 1509 592 1573 quam
623 1492 811 1575 praesertim
840 1490 1019 1555 iunioribus
1054 1488 1258 1564 commendo,
1290 1486 1356 1552 alta

166 1615 242 1662 voce
274 1594 500 1680 pronuntiandi
529 1595 755 1661 consuetudine
786 1597 872 1660 auris
902 1601 1068 1662 exercetur
1096 1600 1128 1661 et
1150 1595 1306 1660 sentimus
1330 1594 1358 1657 si

167 1701 245 1786 quid
276 1703 310 1764 in
339 1699 510 1767 vcrboi‘urn
533 1700 669 1766 molesta
691 1703 879 1786 repetitione
902 1705 959 1765 aut
981 1702 1015 1764 in
1039 1699 1142 1765 aliena
1165 1701 1238 1766 sede
1260 1697 1355 1764 collo·

166 1809 289 1872 catium
318 1813 400 1870 ιοιιοο
428 1807 544 1871 οῖοῖιυιι.
591 1806 703 1872 Recita
734 1807 816 1871 mihi
845 1806 954 1872 locum
984 1827 1058 1893 pag.
1083 1804 1160 1871 200.
1186 1804 1239 1872 22.
1265 1806 1353 1870 ἀλλὰ

166 1913 230 1992 γάρ
252 1914 313 1992 οὐχ
337 1907 355 1974 ό
376 1936 406 1977 τι
425 1936 472 1986 τις
492 1915 695 1994 κατηγορήσει
715 1911 828 1977 τούτων
848 1912 865 1988 ἢ
885 1920 949 1985 τοῖς
968 1909 1075 1984 ἀλλοις
1095 1913 1167 1990 ύμῖν
1187 1909 1351 1988 ἐπιπλήξει

167 2019 313 2100 χαλεπόν
348 2021 456 2103 εὑρεῖν,
487 2018 565 2084 ἀλλ’
590 2021 650 2100 ἀφ’
673 2019 779 2084 όποόων
804 2017 905 2096 λόγων
929 2019 946 2094 ἢ
972 2015 1109 2099 πράξεως
1133 2017 1253 2102 [ποίας]
1277 2017 1357 2080 ἐπα·

168 2125 348 2207 νορύύσεταό
374 2150 421 2198 τις
447 2116 469 2190 ἀ
493 2129 543 2189 νῦν
567 2127 620 2190 ούκ
650 2125 736 2206 όρθῶς
767 2121 835 2204 ἔχει
864 2122 959 2211 [τοῦτ’
982 2121 1067 2204 ἔργον
1091 2123 1211 2207 εύρεῖν].
1258 2120 1358 2186 Auris

170 2232 321 2297 admonet
342 2231 500 2318 frigidum
523 2230 779 2296 additamentum
803 2229 875 2296 tolli
894 2235 1044 2316 oportere.
1082 2229 1248 2295 Praeterea
1266 2225 1358 2298 ποῖος

167 2335 253 2402 mals
276 2357 334 2423 pro
357 2337 463 2410 όποῖας
488 2336 611 2402 dictum
636 2343 669 2402 et
691 2356 818 2422 prorsus
839 2335 955 2401 inutile
977 2336 1181 2402 resecandum
1205 2339 1264 2399 est.

212 2443 400 2508 Praeclarus
422 2447 470 2508 est
493 2444 527 2506 in
549 2442 609 2508 hoc
632 2447 821 2530 argumento
843 2441 933 2507 locus
952 2441 1037 2527 apud
1054 2441 1247 2528 Dionysium
1266 2437 1356 2504 Hali·

168 2569 270 2624 carn,
303 2567 398 2634 quem
427 2570 490 2613 non
524 2548 682 2636 gravabor
715 2548 892 2613 iunioribus
927 2547 1111 2613 describere.
1157 2547 1291 2634 Legitur
1324 2546 1358 2608 in

167 2639 250 2722 libro
281 2656 319 2719 de
345 2655 512 2740 eloquentia
535 2655 739 2719 Demosthenis
761 2675 835 2742 pag.
862 2652 946 2720 1021
971 2653 1079 2718 Reiak.
1103 2652 1178 2718 όταν
1202 2647 1357 2730 Δημοσθέ-

169 2786 231 2834 νους
257 2761 328 2825 τινά
354 2761 446 2839 λύβω
467 2758 560 2838 λόγον
579 2761 714 2826 ἐνθουσιῶ
736 2761 841 2824 τεκαὶ
865 2759 948 2840 δεῦρο
971 2761 1097 2824 κάκεῖσε
1118 2760 1239 2836 ἀγομαι
1261 2755 1356 2828 πόθος

168 2865 266 2949 ἕτερον
291 2864 326 2942 ἐξ
350 2865 449 2947 ἑτέρου
473 2866 752 2945 μεταλαμβάνων,
778 2867 913 2944 ἀπιςῶν,
938 2866 1090 2943 ἀγωνιῶν,
1116 2864 1234 2939 δεδιύς,
1259 2888 1358 2929 κατα-

168 2981 301 3058 φρονῶν,
332 2979 447 3056 μισῶν,
479 2973 588 3050 ἐλεῶν,
620 2973 745 3050 εὐνοῶν,
770 2971 980 3053 ὀργιζόμενος,
1002 2971 1136 3052 φθονῶν,
1162 2967 1293 3036 ἅπαντα
1315 2970 1358 3034 cai

169 3079 251 3153 πάθη
295 3077 555 3156 μεταλαμβάνων
594 3073 652 3142 όσα
689 3088 797 3158 κρατεῖ
830 3077 1012 3158 ἀνθρωπίνης
1049 3077 1184 3154 γυύμλις.
1221 3083 1253 3142 et
1286 3079 1358 3162 post

167 3203 287 3271 pauca:
319 3183 371 3247 καὶ
402 3184 437 3258 δή
470 3205 546 3247 ποτε
574 3185 625 3247 καῖ
650 3185 830 3263 ἐνεθυμήθην
852 3184 884 3248 τό
906 3207 982 3248 ποτε
1005 3182 1075 3254 τοὺς
1099 3181 1164 3247 τότ’
1189 3183 1357 3263 ἀνθρώπους

168 3291 335 3362 ἀκούοντας
368 3293 463 3355 αύτοῶ
495 3288 639 3368 λέγοντος
671 3295 777 3356 ταῦτα
811 3289 948 3370 πάσχειν
984 3289 1062 3361 εἰκός
1098 3285 1146 3363 ἦν·
1183 3285 1258 3354 όπου
1292 3288 1357 3367 γάρ

168 3399 257 3474 ἡμεῖς
293 3397 319 3461 οἱ
355 3399 496 3461 τοσοῦτον
530 3395 738 3477 ἀπηρτημένοι
772 3404 835 3469 τοῖς
865 3393 984 3475 χρόνοις
1016 3394 1068 3458 καὶ
1098 3394 1180 3461 οὐδὲν
1211 3394 1282 3471 πρός
1314 3394 1358 3457 τά

168 3505 352 3584 πράγματα
392 3501 573 3572 πεπονθότες
619 3498 711 3574 ούτως
754 3501 941 3579 ὑπαγόμεθα
977 3500 1029 3565 καὶ
1065 3497 1268 3581 κρατούμεθα
1303 3498 1358 3562 καὶ

167 3607 232 3676 όποι
266 3606 338 3673 ποτ’
371 3606 427 3672 ἀν.
441 3609 525 3685 ἀμοῖς
549 3609 563 3672 ό
588 3608 680 3686 λόγος
705 3605 770 3690 ἀγη
794 3607 1000 3690 πορευόμεθα,
1024 3613 1086 3679 πῶς
1112 3605 1183 3671 τότε
1207 3605 1360 3681 Ἀθηναῖοί

167 3741 204 3782 τε
227 3714 280 3782 καῖ
306 3715 331 3780 ού
356 3713 448 3779 ἀλλον
469 3711 621 3789 Ἕλληνες
645 3715 754 3792 ἤγοντο
780 3714 915 3784 ύοιότυῖι
939 3711 1044 3792 ἀνδρὸς
1065 3713 1115 3777 ἐπὶ
1135 3719 1192 3777 τῶν
1212 3714 1359 3787 ἀληθινῶν

167 3846 211 3904 τε
235 3820 289 3887 καῖ
316 3821 395 3886 ῖδόων
418 3821 560 3900 ἀγύνων;
586 3819 699 3886 deinde
723 3819 906 3886 deuotione
930 3818 1008 3884 dicit
1032 3823 1064 3883 et
1087 3821 1359 3904 pronuntiatione:

167 3931 222 3995 σύκ
241 3925 282 3994 ἔνι
303 3927 345 4007 τῷ
365 3926 541 4006 βουλομένῳ
561 3927 592 3990 ἐν
612 3925 698 4008 ἡδονῇ
718 3928 756 3998 ῶς
776 3923 971 4004 ἀνάγνωσμα
992 3925 1118 3990 διελθεῖν
1138 3923 1208 3998 τοὺς
1232 3924 1360 4002 λόγους,

168 4035 243 4100 ἀλλ’
268 4032 354 4099 αύτοδ
380 4030 552 4097 διδάσιιουσι
579 4035 643 4105 πῶς
667 4031 779 4103 αύτούς
805 4030 1012 4110 ὑποκρίνεσθαι
1038 4029 1101 4107 δεῖ,
1126 4034 1177 4095 νῦν
1199 4031 1256 4106 μὲν
1280 4031 1359 4110 εἰρω-
1399 4019 1403 4030 ’

169 4139 339 4218 νευόμενον,
374 4143 426 4203 νῶν
457 4137 483 4202 δ’
516 4141 777 4223 ἀγανακτοῦντα,
803 4137 908 4204 τῶνδὲ
934 4142 1127 4214 νεμεσῶντα,
1153 4135 1360 4212 δεδιττόμενον

168 4240 210 4312 ιιύ
234 4243 287 4311 καὶ
313 4242 520 4325 θεραπεύοντα
546 4244 598 4308 καῖ
624 4247 821 4310 νουθετοῦντα
844 4244 896 4309 καῖ
922 4249 1125 4323 παρορμῶντα
1148 4243 1201 4306 καὶ
1224 4239 1359 4309 πάνθόι

168 4351 321 4431 βούλεται
351 4358 446 4416 ποιεῖν
476 4353 494 4426 η
522 4347 606 4427 λέξις
638 4349 890 4428 ἀποδεικνύμενον
923 4349 972 4414 ἐπὶ
1006 4355 1062 4422 τῆς
1086 4353 1251 4439 προφορᾶς.
1275 4351 1301 4415 εῖ
1326 4350 1361 4422 δη

168 4461 203 4524 τό
224 4457 275 4523 διά
297 4457 446 4524 τοσούτων
465 4454 552 4545 (ἑτῶν
569 4457 656 4538 add.)
673 4454 988 4536 ἐγκαταμιγνύμενον
1005 4461 1069 4526 τοῖς
1084 4453 1222 4532 βιβλίοις
1235 4461 1360 4538 πνεῦμα
