3342 5080
864 341 931 412 540

343 530 425 624 Peg.
468 533 545 602 669.
590 533 620 604 ’7.
656 535 709 602 τὸν
743 535 800 615 μὲν
835 533 1016 619 Ἰφικράτην
1051 530 1271 616 exasperare
1307 532 1492 613 ἕτοιοίσοοτε,

299 641 447 720 Τιμίίεον
468 642 494 707 δ’
515 643 566 709 ἐτ’
586 643 782 723 Ἀμφίπολιν
801 641 853 707 acl
874 642 1057 724 Χερρόνησον
1073 639 1278 724 ἐξεπέμψατε
1293 641 1491 730 [ςροιτιρρίν].

298 747 419 815 Vitiosa
455 749 618 815 abundans
650 755 682 816 et
716 770 827 816 aurem
860 748 987 815 laedens
1021 747 1179 829 ςροιτιρρίν
1212 749 1328 815 sciolus
1362 750 1402 815 de
1435 770 1493 814 suo

299 856 432 922 addidit.

344 1114 424 1203 Pag.
458 1112 532 1178 668.
562 1111 619 1179 24.
651 1110 710 1179 ὅσοι
741 1113 799 1191 μὲν
828 1114 864 1189 aa
899 1114 1068 1194 socraticae
1095 1113 1135 1178 ὧν
1157 1113 1188 1176 ἕν
1211 1110 1415 1193 σφενδονήτου
1439 1111 1491 1178 sal

299 1225 392 1300 ψιλοῦ
416 1229 545 1286 ΜΕΡΕΙ
565 1258 606 1269 -
624 1219 750 1286 ἔνοιντίοο
772 1218 954 1302 ἒςροίτευτοιι
977 1229 1015 1302 τῇ
1041 1217 1129 1284 πόλει
1154 1222 1186 1285 οὐ
1206 1220 1310 1298 τίθημι
1332 1220 1363 1284 ἕν
1385 1218 1492 1294 σἰδιιιιί-

298 1350 400 1405 μοιτοο
429 1335 572 1393 ΜΘΡΕΙ.
618 1326 706 1407 Quae
735 1346 827 1393 auras
849 1327 928 1392 talia
950 1327 1031 1393 ferre
1054 1323 1209 1412 possuntt
1255 1322 1491 1414 corrigendum

299 1434 429 1500 ridetur
461 1435 491 1498 ἐν
520 1433 722 1517 σφενδονήτου
754 1434 806 1500 κοί
835 1439 928 1515 ψιλοῦ
951 1430 1051 1508 τάξει.
1097 1431 1281 1498 Promisere
1305 1435 1392 1497 enim
1415 1432 1492 1499 dici-

298 1545 352 1604 tur
380 1536 411 1604 ἔν
434 1563 513 1612 τινος
534 1539 636 1620 μέρει,
660 1539 776 1622 μερίδι,
801 1540 892 1624 μοίρρ
916 1545 949 1606 et
971 1537 1078 1616 τοίξει,
1101 1538 1186 1624 qnod
1208 1540 1371 1625 propriam
1394 1538 1491 1606 habet

298 1646 333 1710 in
355 1645 476 1711 militia
499 1645 615 1712 sedem.

345 1885 423 1975 Pag.
451 1884 527 1952 669.
552 1886 607 1964 21,
630 1883 868 1972 (Charidemus)
887 1887 993 1965 μιοίοῒ
1008 1881 1105 1953 πάλιν
1124 1887 1217 1952 αὑτὸν
1237 1886 1406 1962 Ὀλυνθίοις
1426 1896 1488 1960 τοῖς

301 1992 453 2074 ὑμετέροις
486 1994 603 2075 ἐχίροῑς
637 1992 719 2079 [κοί]
749 2001 812 2066 τοῖς
837 1993 960 2073 ἔχουσιν
984 1992 1181 2072 Ἀμφίπολιν
1203 1993 1277 2058 κοτ’
1303 1995 1414 2060 ἐκεῖνον
1437 1997 1488 2060 τὸν

298 2097 414 2180 χρόνον.
456 2098 594 2166 Molesta
618 2104 651 2166 et
675 2101 848 2165 sententiae
871 2101 1003 2165 inimica
1025 2099 1138 2185 copula
1160 2103 1402 2184 quamprimum
1425 2103 1489 2166 exi-

296 2205 412 2272 menda
443 2211 507 2281 ast,
540 2211 578 2271 ut
608 2210 757 2291 appareat
789 2208 874 2292 ipsos
904 2203 1075 2292 Olynthios
1107 2204 1330 2292 Amphipolim
1359 2211 1432 2273 tum
1455 2210 1488 2272 in

295 2316 452 2397 potestate
476 2310 636 2378 habuisse.

340 2537 419 2627 Peg.
445 2537 522 2606 671.
547 2537 600 2603 11.
625 2541 749 2620 πρᾶγμ’
774 2535 868 2604 irate
892 2541 1024 2603 τοιοῦτον
1048 2529 1106 2603 οίον
1123 2538 1184 2618 οὐχ
1203 2534 1249 2604 ὅτι
1270 2540 1428 2620 §pararis
1448 2537 1486 2605 σίν

298 2643 456 2730 [ἠγνόησε]
479 2669 526 2717 τις
550 2641 781 2725 altercaciones
805 2646 880 2710 ἀλλ’
905 2642 968 2708 οὐδ’
993 2643 1008 2708 ί
1031 2645 1135 2727 τυχὼν
1161 2641 1324 2725 ἅνθρωπος.
1361 2648 1486 2713 Acutio-

295 2753 377 2817 sime
406 2753 567 2838 perspexit
597 2751 760 2818 Dobraeus
792 2747 922 2829 ἠγνοίησε
955 2753 1100 2836 spurium
1136 2771 1202 2817 esse
1237 2756 1269 2817 et
1304 2752 1484 2819 delendum.

295 2857 507 2923 Manifestum
539 2861 587 2922 est
618 2856 730 2922 ἔτοθεν
754 2859 948 2945 cogitatione
971 2855 1045 2921 eddi
1068 2863 1221 2943 oportere.
1266 2858 1419 2947 Magistri
1443 2860 1485 2925 el-

293 2962 391 3050 lipses
421 2964 644 3030 huiuscemodi
675 2963 801 3050 explere
831 2961 950 3047 solent,
981 2963 1014 3027 in
1046 2984 1109 3049 qua
1139 2985 1173 3030 re
1196 2967 1322 3050 saepius
1343 2969 1486 3052 graviter

296 3074 402 3136 errant
424 3075 461 3135 ut
485 3069 545 3136 hoc
567 3069 644 3137 loeo.

339 3173 497 3243 Continuo
529 3179 688 3262 sequitur:
720 3177 781 3241 οὐδ’
813 3176 911 3241 ίτιοῦν
941 3176 1004 3258 γὰρ
1035 3177 1143 3256 χορίον
1163 3175 1244 3257 ἔχων
1268 3177 1318 3242 ἐτί
1343 3177 1485 3262 θοιλιίττρ

298 3280 387 3370 [οὐδ’]
412 3279 476 3347 ὅθεν
500 3281 537 3348 διν
561 3282 770 3360 σιτοτομτίοις
795 3281 943 3362 εὖτίρνσε
967 3292 1031 3356 τοῖς
1052 3285 1236 3364 ςροοτιώσοιις
1255 3284 1318 3350 οὐδ’
1340 3281 1382 3352 ari
1402 3297 1483 3353 σῖτον

294 3387 376 3471 ἔχων
407 3390 438 3453 ἓν
469 3397 532 3461 τοῖς
564 3388 685 3470 χωρίοις
717 3387 879 3467 ὑπέμεινεν
911 3391 941 3454 ἐν
969 3397 1032 3461 τοῖς
1054 3390 1204 3470 τείχεσιν.
1253 3389 1289 3456 Si
1312 3394 1384 3477 quie
1406 3393 1482 3460 haec

293 3493 465 3582 diligenter
491 3494 735 3561 consideraverit
757 3515 886 3560 mecum
908 3497 1024 3562 sentiet
1044 3497 1134 3581 prius
1156 3495 1222 3560 οὐδέ
1244 3517 1263 3563 a
1282 3497 1369 3564 mala
1385 3519 1484 3564 manu

293 3602 451 3667 insertum
483 3621 549 3666 esse
584 3605 616 3666 et
648 3602 799 3689 coniungi
823 3606 966 3688 oportere
988 3602 1096 3682 χορίον
1118 3601 1169 3666 ἐπὶ
1192 3611 1232 3684 τῇ
1255 3603 1400 3685 ίοιλάττρ
1422 3602 1484 3670 ὅθεν

292 3705 331 3771 ἂν
364 3706 574 3787 σιτοτομτίοις
605 3706 780 3787 εὐπόρησεν.
827 3707 917 3771 noae
942 3711 1070 3773 tantum
1093 3728 1142 3773 ree
1165 3710 1249 3774 inter
1269 3730 1303 3776 se
1325 3731 1485 3800 opponun-

292 3816 362 3890 tur,
396 3821 434 3877 nt
467 3811 611 3878 additum
646 3807 686 3878 οοῦ
716 3811 854 3879 ostendit
885 3815 918 3878 in
946 3813 1070 3881 verbis:
1095 3815 1156 3881 οὐδ’
1180 3813 1220 3881 ad
1243 3823 1325 3882 σῖτον
1350 3815 1431 3898 ἔχων
1454 3819 1484 3884 ἕν

291 3925 354 3991 τοῖς
385 3917 517 3998 χωρίοις.
562 3917 730 3984 Praeterea
763 3918 957 3996 σιτοτομτίιι
990 3923 1169 3986 constanter
1199 3921 1317 3988 dicitur
1350 3925 1389 3990 de
1420 3926 1483 3991 tru-

291 4029 399 4090 mento
417 4024 552 4090 navibus
571 4023 721 4102 advecto,
741 4026 775 4089 in
796 4027 937 4090 terrestri
956 4027 1069 4091 itinere
1090 4025 1282 4107 ἐπισιτισμός
1294 4029 1482 4116 appellatur.

337 4129 459 4195 Rarum
490 4149 553 4195 non
582 4135 631 4196 est
661 4131 779 4196 scribas
808 4135 840 4196 et
863 4131 1063 4218 magistellos
1085 4133 1120 4196 in
1142 4133 1363 4202 huiuscemodi
1385 4139 1482 4222 parti·

291 4238 378 4304 tione
409 4235 520 4300 turbas
551 4235 643 4314 dare,
675 4241 713 4302 ut
742 4236 774 4301 h.
788 4235 811 4303 1.
842 4237 1002 4322 triplicem
1034 4237 1175 4304 fecerunt
1200 4261 1240 4306 ex
1260 4241 1320 4308 hac
1343 4240 1480 4329 duplici:

292 4344 490 4410 fiumentnm
521 4361 623 4426 neque
646 4341 697 4408 his
719 4343 798 4409 locis
821 4347 888 4409 erat
910 4364 968 4410 nec
990 4345 1073 4412 mari
1095 4344 1210 4414 advehi
1232 4352 1365 4434 poterat.
1411 4349 1481 4416 Noa

290 4451 382 4520 dotto
404 4447 542 4526 ιιτίίννο,
564 4453 603 4514 ut
626 4447 787 4516 ddeodci
809 4448 996 4539 loquuntur.
