3296 5104
709 359 752 430 47

176 549 259 640 Peg.
293 548 368 618 156.
405 549 456 617 15.
481 552 643 618 fortunam
666 551 911 620 Atheniensium
935 573 1010 620 oum
1031 552 1176 642 Philippi
1200 554 1327 620 fortuna

124 675 320 744 comparans
353 659 440 738 παρίο
472 663 530 725 τῶν
561 657 731 740 προγόνων,
762 662 883 746 inquit,
917 661 952 726 ἐκ
976 659 1113 734 πλείονος
1135 660 1244 744 χρόνον
1267 681 1327 723 πα·

124 753 329 846 ρειλιὶφαριεν
350 766 405 840 τὴν
426 765 620 858 εὐδαιμονίαν
638 766 671 831 οὐ
693 767 799 832 ποιίτοιι
821 765 910 843 μόνον
932 765 1020 832 ἀλλὰ
1040 766 1194 833 συνελόντι
1207 765 1327 849 Φροίσαι

125 869 261 936 πάντων
283 877 340 936 τῶν
365 871 395 936 ἐν
419 869 598 954 Μακεδονίᾳ
622 869 796 950 βασιλέοιν,
816 889 878 936 non
896 872 1058 938 intellexit
1077 874 1173 941 homo
1193 871 1328 939 absurda

128 999 167 1044 se
200 977 298 1064 loqui
347 978 505 1063 Apertum
537 981 584 1042 est
608 979 693 1042 enim
717 979 878 1066 genitivos
901 979 1009 1044 τούτου
1034 985 1066 1045 et
1090 985 1147 1044 τῶν
1171 978 1327 1058 βασιλέων

127 1084 271 1170 pendere
302 1103 321 1149 a
350 1084 457 1150 verbis
484 1083 518 1146 ίιι
541 1083 678 1154 πλείονος
701 1082 830 1164 χρόνον,
857 1083 940 1150 unde
963 1085 1040 1150 haee
1064 1087 1131 1150 enit
1153 1086 1326 1150 sententia:

129 1191 274 1254 ίούοιιιιιι
306 1190 499 1256 Athenienses
520 1189 687 1274 satanam
717 1213 737 1254 a
769 1190 930 1254 maioribus
960 1191 1103 1256 traditam
1134 1191 1329 1276 antiquiorem

130 1319 196 1362 aon
227 1297 309 1362 modo
340 1296 477 1381 Philippi
498 1295 635 1380 fortuna
665 1295 719 1359 sed
747 1296 836 1360 etiam
858 1295 986 1360 omnim
1010 1303 1148 1382 quotquot
1170 1297 1204 1360 ιἰι
1228 1295 1330 1360 Μοσσ-

133 1403 230 1467 ιὶσιιίσ
259 1425 340 1484 τερον
353 1402 501 1488 sanant.
548 1401 733 1484 Absmdum
757 1401 816 1466 hoo
840 1400 969 1487 quidem
994 1406 1057 1467 est:
1082 1402 1210 1468 fortuna
1231 1401 1330 1467 Athe-

134 1510 299 1574 niensium
319 1529 338 1573 a
356 1507 533 1572 maioribus
552 1507 671 1571 tradita
692 1509 852 1592 antiquior
869 1513 917 1572 est
928 1527 1024 1592 quam
1037 1507 1163 1574 fortuna
1174 1507 1328 1593 Philippi.

133 1613 241 1679 Nemo
264 1613 298 1678 id
316 1611 421 1678 hercle
439 1611 627 1689 mirabitur,
649 1611 703 1677 sed
723 1612 783 1678 hoe
802 1612 951 1678 mirabile
971 1617 1019 1678 est
1037 1620 1105 1678 tam
1117 1615 1331 1701 incogitantes

134 1719 298 1804 aliquem,
330 1720 387 1803 qui
417 1739 450 1783 se
480 1716 728 1783 Demosthenem
754 1738 820 1784 esee
844 1717 993 1795 simulet,
1018 1719 1153 1784 seribere
1176 1720 1328 1804 potuisse.

133 1825 260 1891 Deinde
289 1844 352 1890 non
382 1826 490 1888 miuus
520 1825 627 1909 inepte
658 1822 803 1910 Philippi
835 1825 962 1890 fortune
992 1824 1204 1912 distinguntur
1231 1826 1270 1891 ab
1294 1844 1330 1890 eu

134 1952 200 2018 qua
222 1931 339 1996 caeteri
363 1929 576 1998 Macedonum
594 1950 686 2017 reges
706 1929 785 1995 olim
806 1933 856 1996 usi
874 1930 1021 2006 suerunt,
1040 1950 1141 2014 quum
1159 1930 1330 1996 Athenien-

134 2039 223 2103 sium
254 2035 391 2116 εὐτυχία
418 2037 485 2101 sive
509 2034 686 2113 εὐδαιμονία
712 2035 825 2121 (τύχην
850 2034 997 2102 dicebant
1020 2037 1083 2120 ipsi
1105 2034 1327 2124 Athenienses)

135 2144 177 2210 ab
212 2141 333 2208 ultima
365 2144 525 2208 maiorum
556 2143 712 2207 memoria
747 2145 918 2226 repetatur.
965 2138 1139 2225 Sophistioi
1172 2143 1330 2207 acuminis

135 2249 215 2316 hueo
238 2251 323 2316 vitia
344 2253 437 2325 sunt,
462 2252 494 2313 et
517 2247 595 2314 hueo
617 2246 867 2314 Demosthenem
893 2246 1010 2312 dixisse
1034 2243 1261 2331 opinabantur!

182 2460 265 2548 Peg.
303 2457 378 2524 156.
416 2458 471 2524 20.
506 2459 631 2531 πλείους
665 2459 813 2540 ἀφορμὰς
849 2461 944 2525 αὐτοῦ
981 2459 1052 2538 πρὸς
1085 2461 1140 2534 τὴν
1170 2465 1228 2523 τῶν
1261 2457 1330 2523 θεῶν

137 2567 258 2633 εὔνοιαν
292 2564 418 2645 ἔχομεν.
468 2561 655 2632 Oonstenter
687 2565 917 2632 Demosthenes
951 2565 1006 2640 τὴν
1041 2565 1129 2645 παρα
1165 2569 1223 2629 τῶν
1262 2565 1332 2628 θεῶν

139 2671 258 2738 εὔνοιαν
284 2669 443 2757 appellare
465 2671 563 2748 solet,
589 2676 621 2735 et
644 2669 790 2737 falsarius
812 2671 889 2737 haee
912 2671 1035 2736 huntus
1059 2679 1107 2737 est
1126 2692 1165 2736 ex
1182 2689 1255 2756 pag.
1276 2667 1329 2733 24.

142 2777 194 2843 19.
220 2777 345 2850 πλείους
370 2775 516 2857 ἀφορμὰς
542 2778 585 2849 είς
609 2778 644 2842 τὸ
669 2778 723 2850 τὴν
748 2777 835 2856 παρίι
858 2783 916 2842 τῶν
939 2778 1009 2841 ίεῶν
1033 2775 1148 2840 εὔνοιαν
1173 2773 1256 2856 ἔχειν
1279 2774 1331 2854 δρῶ

140 2887 215 2961 ἡμῖν
246 2884 370 2955 ἐνούσας
405 2881 523 2974 (οὔσας)
557 2881 574 2958 ἢ
608 2882 713 2963 ’κείνιρ
762 2881 825 2948 Sed
855 2884 997 2967 optimus
1027 2881 1050 2948 S
1080 2882 1203 2947 omittit
1234 2878 1332 2958 παροί.

141 2988 214 3056 Soio
244 2989 300 3055 sed
330 2989 390 3054 hoo
422 3008 547 3074 quoque
573 2991 638 3053 seio
661 2991 835 3054 sexcenties
857 2991 891 3052 in
914 2986 937 3052 S
959 2987 1112 3054 nonnulla
1134 2987 1231 3053 verba
1254 2985 1333 3050 desi-

141 3097 260 3174 derari,
293 3097 362 3160 sine
393 3094 509 3180 quibus
537 3094 600 3160 looi
622 3097 779 3161 sententia
801 3099 857 3160 eut
880 3093 1006 3160 dicendi
1028 3114 1106 3158 usus
1127 3091 1333 3158 nullomodo

141 3202 296 3268 consistit.
343 3198 455 3285 Itaque
488 3202 564 3266 testi
596 3202 653 3264 uni
685 3202 831 3266 omnium
862 3201 984 3285 optimo
1016 3199 1071 3266 sed
1094 3218 1187 3285 saepe
1208 3196 1334 3264 fallenti

141 3309 205 3373 nisi
229 3305 444 3392 adstipulante
467 3325 543 3372 sana
565 3307 687 3372 ratione
709 3325 773 3371 non
796 3306 921 3371 eredere
944 3309 1093 3391 praestat.

186 3519 364 3605 Postquam
399 3517 548 3604 Sophiste
578 3516 693 3582 multis
727 3519 926 3606 argumentis
960 3522 1080 3583 eertum
1115 3517 1153 3583 de
1184 3517 1335 3604 Philippo

142 3629 315 3694 motorium
347 3645 413 3691 esse
444 3625 570 3700 docuit,
602 3622 733 3690 candide
764 3625 888 3709 quaerit
920 3643 994 3710 pag.
1029 3620 1103 3687 156.
1130 3621 1183 3690 22.
1209 3625 1334 3691 εἵσατ’

142 3730 191 3799 οὖν
216 3733 327 3804 ἐκεῖνος
352 3733 381 3795 ἐν
405 3731 447 3812 τῷ
471 3728 602 3810 προτέρῳ
626 3727 753 3810 πολέμῳ
773 3731 869 3794 πλείω
889 3729 1084 3808 κατώρθωσεν
1106 3730 1206 3808 iactu
1229 3731 1281 3816 pai
1291 3734 1336 3814 fit

143 3839 258 3921 ι’ρίίιιτ,
289 3839 413 3922 inquit,
437 3844 471 3900 at
495 3837 579 3900 aubis
600 3835 807 3900 noetianos
829 3836 863 3900 io
886 3835 1038 3920 superiore
1061 3835 1136 3900 bello
1153 3835 1336 3922 profuerit?

144 3942 258 4010 deinde
288 3963 408 4031 magna
438 3963 515 4008 usus
548 3941 674 4007 dicendi
702 3941 851 4007 libertate
884 3940 1144 4028 (παρρησιάσομαι
1175 3941 1238 4019 γὰρ
1263 3941 1335 4021 πρὸς

146 4050 240 4128 ὑμᾶς.
278 4053 310 4114 et
340 4047 492 4130 είριίσεται
525 4049 588 4128 γὰρ
619 4046 753 4132 τάληθῆ)
783 4047 966 4133 respondet:
999 4048 1072 4132 quia
1105 4045 1262 4130 Philippus
1294 4052 1337 4110 eet

139 4177 282 4240 ριιρινιοα,
306 4177 392 4232 auor,
416 4153 541 4238 νἰιιριίροτ
564 4155 598 4217 ia
620 4153 707 4218 retus
725 4154 881 4234 ρσνσνιιίιζι,
908 4157 996 4232 ἡμεῖς
1019 4153 1050 4218 δὲ
1077 4151 1158 4217 οὐδὲν
1182 4155 1335 4226 ποιοῦντες

147 4259 250 4326 ε’νίοίδε
269 4260 431 4338 καίιίροεία
451 4265 483 4324 et
502 4258 572 4325 οὔτε
590 4257 780 4338 ξενοτροφεῖν
799 4259 939 4336 ε’ίέλομεν
958 4258 1021 4324 οὔτ’
1034 4258 1120 4323 αὐτοί
1136 4257 1336 4339 ςρατειίεσίαι

146 4373 320 4444 τολμῶμεν.
367 4365 430 4430 His
449 4368 552 4453 igitur
570 4367 713 4432 moribus
735 4371 829 4452 putet
847 4366 1038 4452 Philippum
1059 4365 1210 4430 debellari
1228 4363 1335 4451 posset

148 4471 210 4538 Sed
241 4472 281 4537 ad
308 4471 443 4538 meliora
472 4471 618 4537 hortetur
641 4473 743 4550 cives,
768 4471 851 4538 nulli
875 4475 922 4539 rei
944 4492 1001 4538 neo
1023 4469 1171 4555 publicae
1194 4493 1251 4538 neo
1275 4475 1337 4558 pri-
