<?xml version="1.0" encoding="UTF-8"?>
<!DOCTYPE html PUBLIC "-//W3C//DTD XHTML 1.0 Transitional//EN"
    "http://www.w3.org/TR/xhtml1/DTD/xhtml1-transitional.dtd">
<html xmlns="http://www.w3.org/1999/xhtml" xml:lang="en" lang="en">
 <head>
  <title>
</title>
<meta http-equiv="Content-Type" content="text/html;charset=utf-8" />
  <meta name='ocr-system' content='tesseract 3.04.00' />
  <meta name='ocr-capabilities' content='ocr_page ocr_carea ocr_par ocr_line ocrx_word'/>
</head>
<body>
  <div class='ocr_page' id='page_1' title='image "./miscellaneacrit00cobegoog/miscellaneacrit00cobegoog_0541.png"; bbox 0 0 3356 5084; ppageno 0'>
   <div class='ocr_carea' id='block_1_1' title="bbox 902 321 968 398">
    <p class='ocr_par' dir='ltr' id='par_1_1' title="bbox 902 321 968 398">
     <span class='ocr_line' id='line_1_1' title="bbox 902 321 968 398; baseline 0.03 -2"><span class='ocrx_word' id='word_1_1' title='bbox 902 321 968 398; x_wconf 79' lang='lat' dir='ltr'><strong>ela</strong></span> 
     </span>
    </p>
   </div>
   <div class='ocr_carea' id='block_1_2' title="bbox 341 513 1664 1129">
    <p class='ocr_par' dir='ltr' id='par_1_2' title="bbox 341 513 1664 1129">
     <span class='ocr_line' id='line_1_2' title="bbox 385 513 1664 614; baseline 0.002 -32"><span class='ocrx_word' id='word_1_2' title='bbox 385 513 443 582; x_wconf 77' lang='lat' dir='ltr'><strong>est</strong></span> <span class='ocrx_word' id='word_1_3' title='bbox 472 538 583 605; x_wconf 85' lang='lat' dir='ltr'><strong>operae</strong></span> <span class='ocrx_word' id='word_1_4' title='bbox 613 519 754 603; x_wconf 88' lang='lat' dir='ltr'><strong>pretium</strong></span> <span class='ocrx_word' id='word_1_5' title='bbox 782 517 890 584; x_wconf 92' lang='lat' dir='ltr'><strong>locum</strong></span> <span class='ocrx_word' id='word_1_6' title='bbox 919 519 1105 586; x_wconf 71' lang='lat' dir='ltr'><strong>adscribere.</strong></span> <span class='ocrx_word' id='word_1_7' title='bbox 1141 521 1181 588; x_wconf 84' lang='lat' dir='ltr'><strong>od</strong></span> <span class='ocrx_word' id='word_1_8' title='bbox 1215 519 1378 606; x_wconf 85' lang='lat' dir='ltr'><strong>Aristoph.</strong></span> <span class='ocrx_word' id='word_1_9' title='bbox 1421 515 1530 603; x_wconf 70' lang='lat' dir='ltr'><strong>Vespa-s</strong></span> <span class='ocrx_word' id='word_1_10' title='bbox 1663 597 1664 614; x_wconf 12' lang='grc' dir='ltr'>χ</span> 
     </span>
     <span class='ocr_line' id='line_1_3' title="bbox 343 619 1230 706; baseline 0.005 -18"><span class='ocrx_word' id='word_1_11' title='bbox 343 619 431 689; x_wconf 92' lang='grc'>1272</span> <span class='ocrx_word' id='word_1_12' title='bbox 455 630 640 692; x_wconf 87' lang='lat' dir='ltr'><strong>annotatur:</strong></span> <span class='ocrx_word' id='word_1_13' title='bbox 668 623 842 705; x_wconf 73' lang='grc' dir='ltr'><strong><em>Ἡλιόδωρος</em></strong></span> <span class='ocrx_word' id='word_1_14' title='bbox 867 625 952 704; x_wconf 73' lang='grc' dir='ltr'><strong><em>μετὰ</em></strong></span> <span class='ocrx_word' id='word_1_15' title='bbox 975 627 1027 690; x_wconf 85' lang='grc' dir='ltr'><strong><em>τὸν</em></strong></span> <span class='ocrx_word' id='word_1_16' title='bbox 1049 627 1139 706; x_wconf 77' lang='grc' dir='ltr'><strong><em>ςίχον</em></strong></span> <span class='ocrx_word' id='word_1_17' title='bbox 1162 626 1230 692; x_wconf 90' lang='grc' dir='ltr'><strong><em>τόν·</em></strong></span> 
     </span>
     <span class='ocr_line' id='line_1_4' title="bbox 523 730 1319 812; baseline 0 -16"><span class='ocrx_word' id='word_1_18' title='bbox 523 740 743 810; x_wconf 71' lang='grc' dir='ltr'><strong>γλωττοποιεῖν</strong></span> <span class='ocrx_word' id='word_1_19' title='bbox 766 733 809 805; x_wconf 81' lang='grc' dir='ltr'><strong><em>είς</em></strong></span> <span class='ocrx_word' id='word_1_20' title='bbox 832 732 876 796; x_wconf 78' lang='lat' dir='ltr'><strong>ric</strong></span> <span class='ocrx_word' id='word_1_21' title='bbox 899 731 1011 812; x_wconf 85' lang='grc' dir='ltr'><strong><em>πορνεῖ’</em></strong></span> <span class='ocrx_word' id='word_1_22' title='bbox 1036 731 1153 797; x_wconf 75' lang='grc' dir='ltr'><strong>εἰσιόνθ’</strong></span> <span class='ocrx_word' id='word_1_23' title='bbox 1178 730 1319 802; x_wconf 74' lang='lat' dir='ltr'><strong>instem.</strong></span> 
     </span>
     <span class='ocr_line' id='line_1_5' title="bbox 388 835 1531 925; baseline -0.001 -25"><span class='ocrx_word' id='word_1_24' title='bbox 388 836 445 902; x_wconf 78' lang='grc' dir='ltr'><strong><em>εῖσί</em></strong></span> <span class='ocrx_word' id='word_1_25' title='bbox 475 835 562 904; x_wconf 88' lang='grc' dir='ltr'><strong><em>τόποι</em></strong></span> <span class='ocrx_word' id='word_1_26' title='bbox 595 839 678 904; x_wconf 78' lang='grc' dir='ltr'><strong><em>ἒπτόι</em></strong></span> <span class='ocrx_word' id='word_1_27' title='bbox 710 840 834 920; x_wconf 81' lang='grc' dir='ltr'><strong><em>ἔχοντες</em></strong></span> <span class='ocrx_word' id='word_1_28' title='bbox 866 838 987 917; x_wconf 78' lang='grc' dir='ltr'><strong><em>ςιγμόος</em></strong></span> <span class='ocrx_word' id='word_1_29' title='bbox 1019 839 1071 902; x_wconf 79' lang='grc' dir='ltr'><strong>καί</strong></span> <span class='ocrx_word' id='word_1_30' title='bbox 1101 838 1225 917; x_wconf 62' lang='lat' dir='ltr'><strong>salpae</strong></span> <span class='ocrx_word' id='word_1_31' title='bbox 1250 838 1327 925; x_wconf 80' lang='grc' dir='ltr'><strong><em>(ειίισ</em></strong></span> <span class='ocrx_word' id='word_1_32' title='bbox 1348 836 1531 923; x_wconf 75' lang='lat' dir='ltr'><strong>scripturo),</strong></span> 
     </span>
     <span class='ocr_line' id='line_1_6' title="bbox 342 939 1533 1027; baseline 0.001 -20"><span class='ocrx_word' id='word_1_33' title='bbox 342 939 381 1008; x_wconf 78' lang='grc' dir='ltr'><strong>ὦν</strong></span> <span class='ocrx_word' id='word_1_34' title='bbox 411 944 447 1007; x_wconf 79' lang='grc' dir='ltr'><strong>ἐκ</strong></span> <span class='ocrx_word' id='word_1_35' title='bbox 476 945 636 1027; x_wconf 78' lang='grc' dir='ltr'><strong><em>προχείρου</em></strong></span> <span class='ocrx_word' id='word_1_36' title='bbox 667 945 725 1021; x_wconf 79' lang='grc' dir='ltr'><strong>μὲν</strong></span> <span class='ocrx_word' id='word_1_37' title='bbox 756 947 849 1024; x_wconf 78' lang='grc' dir='ltr'><em>εὑρεῖν</em></span> <span class='ocrx_word' id='word_1_38' title='bbox 880 943 932 1010; x_wconf 87' lang='grc' dir='ltr'><strong><em>τόν</em></strong></span> <span class='ocrx_word' id='word_1_39' title='bbox 963 943 1055 1023; x_wconf 74' lang='grc' dir='ltr'><strong><em>λόγον</em></strong></span> <span class='ocrx_word' id='word_1_40' title='bbox 1087 947 1141 1010; x_wconf 82' lang='grc' dir='ltr'><strong>οὐκ</strong></span> <span class='ocrx_word' id='word_1_41' title='bbox 1171 943 1227 1013; x_wconf 76' lang='grc' dir='ltr'><strong><em>ἔτι.</em></strong></span> <span class='ocrx_word' id='word_1_42' title='bbox 1261 945 1304 1009; x_wconf 76' lang='grc' dir='ltr'><strong><em>τοὶ</em></strong></span> <span class='ocrx_word' id='word_1_43' title='bbox 1337 945 1368 1010; x_wconf 87' lang='grc' dir='ltr'><strong>δὲ</strong></span> <span class='ocrx_word' id='word_1_44' title='bbox 1398 948 1533 1009; x_wconf 81' lang='grc' dir='ltr'><strong><em>τοιαῦτα</em></strong></span> 
     </span>
     <span class='ocr_line' id='line_1_7' title="bbox 341 1045 1532 1129; baseline -0.002 -13"><span class='ocrx_word' id='word_1_45' title='bbox 341 1059 565 1116; x_wconf 72' lang='lat' dir='ltr'><strong>nonnemo</strong></span> <span class='ocrx_word' id='word_1_46' title='bbox 597 1060 730 1118; x_wconf 70' lang='lat' dir='ltr'><strong>errrore</strong></span> <span class='ocrx_word' id='word_1_47' title='bbox 762 1045 808 1116; x_wconf 77' lang='grc' dir='ltr'><strong>ὅτι</strong></span> <span class='ocrx_word' id='word_1_48' title='bbox 841 1049 1058 1129; x_wconf 70' lang='grc' dir='ltr'><strong><em>ὑπολαμβάνω</em></strong></span> <span class='ocrx_word' id='word_1_49' title='bbox 1086 1053 1116 1117; x_wconf 78' lang='grc' dir='ltr'><strong>ιο</strong></span> <span class='ocrx_word' id='word_1_50' title='bbox 1140 1059 1202 1126; x_wconf 75' lang='grc' dir='ltr'><strong><em>τοῖς</em></strong></span> <span class='ocrx_word' id='word_1_51' title='bbox 1226 1059 1422 1117; x_wconf 78' lang='lat' dir='ltr'><strong>neororc</strong></span> <span class='ocrx_word' id='word_1_52' title='bbox 1446 1052 1532 1116; x_wconf 73' lang='grc' dir='ltr'><strong><em>αιτι-</em></strong></span> 
     </span>
    </p>
   </div>
   <div class='ocr_carea' id='block_1_3' title="bbox 341 1149 1665 1240">
    <p class='ocr_par' dir='ltr' id='par_1_3' title="bbox 341 1149 1665 1240">
     <span class='ocr_line' id='line_1_8' title="bbox 341 1149 1665 1240; baseline -0.001 -19"><span class='ocrx_word' id='word_1_53' title='bbox 341 1155 476 1238; x_wconf 63' lang='lat' dir='ltr'><strong>nepote</strong></span> <span class='ocrx_word' id='word_1_54' title='bbox 505 1156 664 1240; x_wconf 81' lang='grc' dir='ltr'><strong><em>Φόαρόντα</em></strong></span> <span class='ocrx_word' id='word_1_55' title='bbox 694 1153 740 1224; x_wconf 83' lang='grc' dir='ltr'><strong><em>ότι</em></strong></span> <span class='ocrx_word' id='word_1_56' title='bbox 767 1157 824 1236; x_wconf 81' lang='grc' dir='ltr'><strong>μὲν</strong></span> <span class='ocrx_word' id='word_1_57' title='bbox 845 1163 987 1222; x_wconf 84' lang='grc' dir='ltr'><strong><em>τοσαῦτα</em></strong></span> <span class='ocrx_word' id='word_1_58' title='bbox 1008 1154 1043 1233; x_wconf 74' lang='grc' dir='ltr'><strong>ἦν</strong></span> <span class='ocrx_word' id='word_1_59' title='bbox 1065 1159 1117 1224; x_wconf 84' lang='grc' dir='ltr'><strong><em>τόν</em></strong></span> <span class='ocrx_word' id='word_1_60' title='bbox 1140 1158 1264 1238; x_wconf 80' lang='grc' dir='ltr'><strong><em>τὶριόμὸν</em></strong></span> <span class='ocrx_word' id='word_1_61' title='bbox 1285 1157 1473 1237; x_wconf 72' lang='grc' dir='ltr'><strong><em>γνωσθῆναι,</em></strong></span> <span class='ocrx_word' id='word_1_62' title='bbox 1497 1157 1530 1222; x_wconf 81' lang='grc' dir='ltr'><strong>οὐ</strong></span> <span class='ocrx_word' id='word_1_63' title='bbox 1664 1149 1665 1164; x_wconf 64' lang='grc'>’</span> 
     </span>
    </p>
   </div>
   <div class='ocr_carea' id='block_1_4' title="bbox 341 1261 1535 2092">
    <p class='ocr_par' dir='ltr' id='par_1_4' title="bbox 341 1261 1535 2092">
     <span class='ocr_line' id='line_1_9' title="bbox 341 1261 1531 1348; baseline 0.002 -23"><span class='ocrx_word' id='word_1_64' title='bbox 341 1263 404 1340; x_wconf 75' lang='grc' dir='ltr'><strong><em>μῖςν</em></strong></span> <span class='ocrx_word' id='word_1_65' title='bbox 426 1263 507 1328; x_wconf 89' lang='grc' dir='ltr'><strong><em>τίνοι.</em></strong></span> <span class='ocrx_word' id='word_1_66' title='bbox 533 1269 565 1329; x_wconf 88' lang='lat' dir='ltr'><strong>at</strong></span> <span class='ocrx_word' id='word_1_67' title='bbox 587 1263 688 1329; x_wconf 85' lang='lat' dir='ltr'><strong>elius:</strong></span> <span class='ocrx_word' id='word_1_68' title='bbox 712 1264 798 1342; x_wconf 81' lang='grc' dir='ltr'><strong><em>μετίι</em></strong></span> <span class='ocrx_word' id='word_1_69' title='bbox 822 1267 927 1328; x_wconf 85' lang='grc' dir='ltr'><strong><em>τοῦτον</em></strong></span> <span class='ocrx_word' id='word_1_70' title='bbox 950 1266 1010 1348; x_wconf 83' lang='lat' dir='ltr'><strong>(vs.</strong></span> <span class='ocrx_word' id='word_1_71' title='bbox 1040 1261 1141 1342; x_wconf 73' lang='lat'>1272)</span> <span class='ocrx_word' id='word_1_72' title='bbox 1165 1263 1400 1342; x_wconf 85' lang='grc' dir='ltr'><strong><em>διοίλειμμα</em></strong></span> <span class='ocrx_word' id='word_1_73' title='bbox 1431 1262 1531 1342; x_wconf 77' lang='grc' dir='ltr'><strong><em>τίχιιν</em></strong></span> 
     </span>
     <span class='ocr_line' id='line_1_10' title="bbox 343 1366 1531 1454; baseline -0.001 -20"><span class='ocrx_word' id='word_1_74' title='bbox 343 1366 463 1454; x_wconf 71' lang='lat' dir='ltr'><strong>(iurat).</strong></span> <span class='ocrx_word' id='word_1_75' title='bbox 482 1407 524 1418; x_wconf 88' lang='lat'><em>-</em></span> <span class='ocrx_word' id='word_1_76' title='bbox 542 1371 627 1448; x_wconf 76' lang='grc' dir='ltr'><strong><em>μετὰ</em></strong></span> <span class='ocrx_word' id='word_1_77' title='bbox 659 1369 689 1434; x_wconf 80' lang='grc' dir='ltr'><strong>δὲ</strong></span> <span class='ocrx_word' id='word_1_78' title='bbox 721 1369 757 1434; x_wconf 85' lang='grc' dir='ltr'><strong><em>τό</em></strong></span> <span class='ocrx_word' id='word_1_79' title='bbox 787 1369 964 1448; x_wconf 70' lang='grc' dir='ltr'><strong><em>διάλειμμα</em></strong></span> <span class='ocrx_word' id='word_1_80' title='bbox 992 1370 1022 1434; x_wconf 80' lang='grc' dir='ltr'><strong>ἐν</strong></span> <span class='ocrx_word' id='word_1_81' title='bbox 1045 1377 1171 1444; x_wconf 77' lang='grc' dir='ltr'><strong><em>πολλοῖς</em></strong></span> <span class='ocrx_word' id='word_1_82' title='bbox 1195 1370 1324 1452; x_wconf 73' lang='grc' dir='ltr'><strong><em>Φέρεται</em></strong></span> <span class='ocrx_word' id='word_1_83' title='bbox 1347 1371 1439 1452; x_wconf 79' lang='grc' dir='ltr'><strong><em>τίχος</em></strong></span> <span class='ocrx_word' id='word_1_84' title='bbox 1464 1371 1531 1436; x_wconf 66' lang='lat' dir='ltr'><strong>ert.</strong></span> 
     </span>
     <span class='ocr_line' id='line_1_11' title="bbox 342 1473 1533 1562; baseline 0.001 -22"><span class='ocrx_word' id='word_1_85' title='bbox 342 1473 465 1561; x_wconf 78' lang='lat' dir='ltr'><strong>Magna</strong></span> <span class='ocrx_word' id='word_1_86' title='bbox 486 1473 601 1540; x_wconf 81' lang='lat' dir='ltr'><strong>lacuna</strong></span> <span class='ocrx_word' id='word_1_87' title='bbox 622 1479 656 1540; x_wconf 91' lang='lat' dir='ltr'><strong>in</strong></span> <span class='ocrx_word' id='word_1_88' title='bbox 680 1474 806 1542; x_wconf 80' lang='lat' dir='ltr'><strong>aureolo</strong></span> <span class='ocrx_word' id='word_1_89' title='bbox 828 1475 1035 1562; x_wconf 77' lang='lat' dir='ltr'><strong>Hippocratis</strong></span> <span class='ocrx_word' id='word_1_90' title='bbox 1053 1476 1163 1543; x_wconf 89' lang='lat' dir='ltr'><strong>libello</strong></span> <span class='ocrx_word' id='word_1_91' title='bbox 1182 1478 1249 1558; x_wconf 84' lang='grc' dir='ltr'><strong><em>περί</em></strong></span> <span class='ocrx_word' id='word_1_92' title='bbox 1268 1477 1375 1558; x_wconf 68' lang='grc' dir='ltr'><strong><em>ἀέρων,</em></strong></span> <span class='ocrx_word' id='word_1_93' title='bbox 1396 1475 1533 1560; x_wconf 72' lang='grc' dir='ltr'><strong><em>ὑδάτων,</em></strong></span> 
     </span>
     <span class='ocr_line' id='line_1_12' title="bbox 341 1579 1531 1670; baseline 0.001 -25"><span class='ocrx_word' id='word_1_94' title='bbox 341 1579 443 1646; x_wconf 83' lang='grc' dir='ltr'><strong><em>τόπον</em></strong></span> <span class='ocrx_word' id='word_1_95' title='bbox 473 1579 633 1648; x_wconf 79' lang='lat' dir='ltr'><strong>Galerium</strong></span> <span class='ocrx_word' id='word_1_96' title='bbox 664 1581 743 1649; x_wconf 82' lang='lat' dir='ltr'><strong>alies</strong></span> <span class='ocrx_word' id='word_1_97' title='bbox 772 1604 822 1647; x_wconf 91' lang='lat' dir='ltr'><strong>res</strong></span> <span class='ocrx_word' id='word_1_98' title='bbox 852 1587 1001 1670; x_wconf 80' lang='lat' dir='ltr'><strong>agentem</strong></span> <span class='ocrx_word' id='word_1_99' title='bbox 1024 1583 1148 1649; x_wconf 89' lang='lat' dir='ltr'><strong>fefellit.</strong></span> <span class='ocrx_word' id='word_1_100' title='bbox 1171 1584 1238 1649; x_wconf 83' lang='lat' dir='ltr'><strong>vid.</strong></span> <span class='ocrx_word' id='word_1_101' title='bbox 1262 1585 1406 1649; x_wconf 79' lang='grc' dir='ltr'><strong>Μιισαοε.</strong></span> <span class='ocrx_word' id='word_1_102' title='bbox 1432 1580 1531 1648; x_wconf 85' lang='grc'>1860.</span> 
     </span>
     <span class='ocr_line' id='line_1_13' title="bbox 388 1793 1532 1882; baseline 0.003 -22"><span class='ocrx_word' id='word_1_103' title='bbox 388 1793 497 1861; x_wconf 76' lang='lat' dir='ltr'><strong>Etiam</strong></span> <span class='ocrx_word' id='word_1_104' title='bbox 527 1794 605 1860; x_wconf 89' lang='lat' dir='ltr'><strong>alibi</strong></span> <span class='ocrx_word' id='word_1_105' title='bbox 636 1797 670 1860; x_wconf 90' lang='lat' dir='ltr'><strong>in</strong></span> <span class='ocrx_word' id='word_1_106' title='bbox 701 1795 847 1859; x_wconf 76' lang='lat' dir='ltr'><strong>Midicca</strong></span> <span class='ocrx_word' id='word_1_107' title='bbox 878 1816 952 1882; x_wconf 80' lang='lat' dir='ltr'><strong>pag.</strong></span> <span class='ocrx_word' id='word_1_108' title='bbox 986 1794 1061 1860; x_wconf 86' lang='grc'>522.</span> <span class='ocrx_word' id='word_1_109' title='bbox 1087 1795 1130 1861; x_wconf 92' lang='grc'><strong>10</strong></span> <span class='ocrx_word' id='word_1_110' title='bbox 1154 1797 1304 1882; x_wconf 86' lang='lat' dir='ltr'><strong>deprensa</strong></span> <span class='ocrx_word' id='word_1_111' title='bbox 1326 1796 1442 1862; x_wconf 83' lang='lat' dir='ltr'><strong>lacuna</strong></span> <span class='ocrx_word' id='word_1_112' title='bbox 1466 1799 1516 1862; x_wconf 89' lang='lat' dir='ltr'><strong>est</strong></span> <span class='ocrx_word' id='word_1_113' title='bbox 1523 1815 1532 1874; x_wconf 87' lang='lat'>;</span> 
     </span>
     <span class='ocr_line' id='line_1_14' title="bbox 344 1899 1150 1987; baseline -0.001 -21"><span class='ocrx_word' id='word_1_114' title='bbox 344 1906 376 1966; x_wconf 90' lang='lat' dir='ltr'><strong>et</strong></span> <span class='ocrx_word' id='word_1_115' title='bbox 398 1905 474 1965; x_wconf 90' lang='lat' dir='ltr'><strong>suut</strong></span> <span class='ocrx_word' id='word_1_116' title='bbox 495 1899 672 1986; x_wconf 89' lang='lat' dir='ltr'><strong>complures</strong></span> <span class='ocrx_word' id='word_1_117' title='bbox 694 1899 775 1966; x_wconf 87' lang='lat' dir='ltr'><strong>aliae</strong></span> <span class='ocrx_word' id='word_1_118' title='bbox 798 1901 876 1966; x_wconf 88' lang='lat' dir='ltr'><strong>alibi</strong></span> <span class='ocrx_word' id='word_1_119' title='bbox 899 1907 932 1966; x_wconf 88' lang='lat' dir='ltr'><strong>et</strong></span> <span class='ocrx_word' id='word_1_120' title='bbox 954 1903 1038 1987; x_wconf 89' lang='lat' dir='ltr'><strong>apud</strong></span> <span class='ocrx_word' id='word_1_121' title='bbox 1060 1902 1150 1969; x_wconf 88' lang='lat' dir='ltr'><strong>alios.</strong></span> 
     </span>
     <span class='ocr_line' id='line_1_15' title="bbox 390 2006 1535 2092; baseline 0 -20"><span class='ocrx_word' id='word_1_122' title='bbox 390 2006 538 2092; x_wconf 80' lang='lat' dir='ltr'><strong>Superest</strong></span> <span class='ocrx_word' id='word_1_123' title='bbox 567 2009 603 2071; x_wconf 90' lang='lat' dir='ltr'><strong>in</strong></span> <span class='ocrx_word' id='word_1_124' title='bbox 633 2006 857 2072; x_wconf 82' lang='lat' dir='ltr'><strong>Demosthenis</strong></span> <span class='ocrx_word' id='word_1_125' title='bbox 889 2006 958 2074; x_wconf 90' lang='lat' dir='ltr'><strong>loco</strong></span> <span class='ocrx_word' id='word_1_126' title='bbox 990 2008 1153 2074; x_wconf 89' lang='lat' dir='ltr'><strong>mendum.</strong></span> <span class='ocrx_word' id='word_1_127' title='bbox 1200 2007 1333 2074; x_wconf 76' lang='lat' dir='ltr'><strong>Editur:</strong></span> <span class='ocrx_word' id='word_1_128' title='bbox 1357 2006 1396 2072; x_wconf 77' lang='lat' dir='ltr'><strong>civ</strong></span> <span class='ocrx_word' id='word_1_129' title='bbox 1419 2007 1448 2073; x_wconf 88' lang='grc' dir='ltr'><strong><em>τ’</em></strong></span> <span class='ocrx_word' id='word_1_130' title='bbox 1472 2008 1535 2085; x_wconf 72' lang='grc' dir='ltr'><strong>ἐγὼ</strong></span> 
     </span>
    </p>
   </div>
   <div class='ocr_carea' id='block_1_5' title="bbox 345 2109 1667 2195">
    <p class='ocr_par' dir='ltr' id='par_1_5' title="bbox 345 2109 1667 2195">
     <span class='ocr_line' id='line_1_16' title="bbox 345 2109 1667 2195; baseline 0.004 -19"><span class='ocrx_word' id='word_1_131' title='bbox 345 2117 394 2193; x_wconf 75' lang='lat' dir='ltr'><strong>&lt;bd</strong></span> <span class='ocrx_word' id='word_1_132' title='bbox 419 2110 457 2176; x_wconf 77' lang='grc' dir='ltr'><strong>ἄν</strong></span> <span class='ocrx_word' id='word_1_133' title='bbox 479 2134 515 2177; x_wconf 88' lang='grc' dir='ltr'><strong><em>τε</em></strong></span> <span class='ocrx_word' id='word_1_134' title='bbox 536 2115 581 2190; x_wconf 76' lang='grc' dir='ltr'><strong><em>μίς</em></strong></span> <span class='ocrx_word' id='word_1_135' title='bbox 604 2118 655 2192; x_wconf 80' lang='grc' dir='ltr'><strong>φῶ</strong></span> <span class='ocrx_word' id='word_1_136' title='bbox 679 2112 773 2194; x_wconf 82' lang='grc' dir='ltr'><strong><em>Φιςσίν</em></strong></span> <span class='ocrx_word' id='word_1_137' title='bbox 796 2109 892 2191; x_wconf 79' lang='grc' dir='ltr'><strong><em>εἶναι,</em></strong></span> <span class='ocrx_word' id='word_1_138' title='bbox 917 2114 973 2178; x_wconf 89' lang='lat' dir='ltr'><strong>ubi</strong></span> <span class='ocrx_word' id='word_1_139' title='bbox 996 2113 1132 2180; x_wconf 81' lang='lat' dir='ltr'><strong>aiterum</strong></span> <span class='ocrx_word' id='word_1_140' title='bbox 1155 2115 1206 2195; x_wconf 80' lang='grc' dir='ltr'><strong><em>Φῶ</em></strong></span> <span class='ocrx_word' id='word_1_141' title='bbox 1229 2113 1400 2180; x_wconf 84' lang='lat' dir='ltr'><strong>delendum</strong></span> <span class='ocrx_word' id='word_1_142' title='bbox 1425 2117 1475 2180; x_wconf 76' lang='lat' dir='ltr'><strong>est</strong></span> <span class='ocrx_word' id='word_1_143' title='bbox 1495 2135 1535 2180; x_wconf 75' lang='lat' dir='ltr'><strong>ex</strong></span> <span class='ocrx_word' id='word_1_144' title='bbox 1666 2117 1667 2142; x_wconf 66' lang='lat'><em>²</em></span> 
     </span>
    </p>
   </div>
   <div class='ocr_carea' id='block_1_6' title="bbox 345 2218 1534 2406">
    <p class='ocr_par' dir='ltr' id='par_1_6' title="bbox 345 2218 1534 2406">
     <span class='ocr_line' id='line_1_17' title="bbox 345 2218 1534 2298; baseline 0.001 -13"><span class='ocrx_word' id='word_1_145' title='bbox 345 2219 455 2285; x_wconf 86' lang='lat' dir='ltr'><strong>Attica</strong></span> <span class='ocrx_word' id='word_1_146' title='bbox 485 2219 609 2284; x_wconf 90' lang='lat' dir='ltr'><strong>dicendi</strong></span> <span class='ocrx_word' id='word_1_147' title='bbox 639 2218 882 2296; x_wconf 87' lang='lat' dir='ltr'><strong>consuetudine,</strong></span> <span class='ocrx_word' id='word_1_148' title='bbox 916 2223 953 2284; x_wconf 90' lang='lat' dir='ltr'><strong>ut</strong></span> <span class='ocrx_word' id='word_1_149' title='bbox 982 2220 1016 2284; x_wconf 91' lang='lat' dir='ltr'><strong>in</strong></span> <span class='ocrx_word' id='word_1_150' title='bbox 1046 2219 1086 2285; x_wconf 76' lang='grc' dir='ltr'><strong>ἄν</strong></span> <span class='ocrx_word' id='word_1_151' title='bbox 1114 2245 1150 2284; x_wconf 91' lang='grc' dir='ltr'><strong><em>τε</em></strong></span> <span class='ocrx_word' id='word_1_152' title='bbox 1183 2219 1330 2298; x_wconf 76' lang='grc' dir='ltr'><strong><em>βοόλκσό</em></strong></span> <span class='ocrx_word' id='word_1_153' title='bbox 1356 2219 1395 2284; x_wconf 77' lang='grc' dir='ltr'><strong>ἄν</strong></span> <span class='ocrx_word' id='word_1_154' title='bbox 1417 2245 1453 2286; x_wconf 85' lang='grc' dir='ltr'><strong><em>τε</em></strong></span> <span class='ocrx_word' id='word_1_155' title='bbox 1477 2221 1534 2298; x_wconf 77' lang='grc' dir='ltr'><strong>μοί.</strong></span> 
     </span>
     <span class='ocr_line' id='line_1_18' title="bbox 345 2323 1178 2406; baseline 0 -16"><span class='ocrx_word' id='word_1_156' title='bbox 345 2323 513 2390; x_wconf 86' lang='lat' dir='ltr'><strong>Praeterea</strong></span> <span class='ocrx_word' id='word_1_157' title='bbox 535 2323 661 2390; x_wconf 91' lang='lat' dir='ltr'><strong>tollitur</strong></span> <span class='ocrx_word' id='word_1_158' title='bbox 684 2323 719 2390; x_wconf 80' lang='grc' dir='ltr'><strong><em>τό</em></strong></span> <span class='ocrx_word' id='word_1_159' title='bbox 742 2323 919 2406; x_wconf 75' lang='grc' dir='ltr'><strong><em>κακόφωνοι</em></strong></span> <span class='ocrx_word' id='word_1_160' title='bbox 942 2327 976 2390; x_wconf 91' lang='lat' dir='ltr'><strong>in</strong></span> <span class='ocrx_word' id='word_1_161' title='bbox 998 2331 1048 2406; x_wconf 80' lang='grc' dir='ltr'><strong>φῶ</strong></span> <span class='ocrx_word' id='word_1_162' title='bbox 1072 2325 1178 2406; x_wconf 67' lang='lat' dir='ltr'><strong>desto.</strong></span> 
     </span>
    </p>
   </div>
   <div class='ocr_carea' id='block_1_7' title="bbox 345 2532 1668 2729">
    <p class='ocr_par' dir='ltr' id='par_1_7' title="bbox 345 2532 1668 2729">
     <span class='ocr_line' id='line_1_19' title="bbox 390 2532 1668 2623; baseline -0.001 -22"><span class='ocrx_word' id='word_1_163' title='bbox 390 2534 471 2623; x_wconf 80' lang='lat' dir='ltr'><strong>Peg.</strong></span> <span class='ocrx_word' id='word_1_164' title='bbox 505 2532 581 2598; x_wconf 84' lang='lat'><strong>583.</strong></span> <span class='ocrx_word' id='word_1_165' title='bbox 614 2532 667 2598; x_wconf 90' lang='grc'><strong>12.</strong></span> <span class='ocrx_word' id='word_1_166' title='bbox 701 2555 740 2600; x_wconf 83' lang='lat' dir='ltr'><strong>ex</strong></span> <span class='ocrx_word' id='word_1_167' title='bbox 763 2532 786 2599; x_wconf 85' lang='lat' dir='ltr'>S</span> <span class='ocrx_word' id='word_1_168' title='bbox 808 2537 998 2620; x_wconf 83' lang='lat' dir='ltr'><strong>receperim:</strong></span> <span class='ocrx_word' id='word_1_169' title='bbox 1024 2537 1096 2615; x_wconf 89' lang='grc' dir='ltr'><strong><em>παρ’</em></strong></span> <span class='ocrx_word' id='word_1_170' title='bbox 1119 2534 1204 2601; x_wconf 72' lang='grc' dir='ltr'><strong><em>αὐτοὶ</em></strong></span> <span class='ocrx_word' id='word_1_171' title='bbox 1227 2535 1453 2614; x_wconf 76' lang='grc' dir='ltr'><strong><em>τόδικήμοιτα,</em></strong></span> <span class='ocrx_word' id='word_1_172' title='bbox 1477 2537 1535 2602; x_wconf 86' lang='lat' dir='ltr'><strong>ubi</strong></span> <span class='ocrx_word' id='word_1_173' title='bbox 1667 2538 1668 2600; x_wconf 59' lang='lat'><em>5</em></span> 
     </span>
     <span class='ocr_line' id='line_1_20' title="bbox 345 2639 1668 2729; baseline -0.003 -21"><span class='ocrx_word' id='word_1_174' title='bbox 345 2641 401 2708; x_wconf 88' lang='lat' dir='ltr'><strong>alii</strong></span> <span class='ocrx_word' id='word_1_175' title='bbox 422 2645 494 2727; x_wconf 89' lang='lat' dir='ltr'><strong>post</strong></span> <span class='ocrx_word' id='word_1_176' title='bbox 516 2639 602 2706; x_wconf 80' lang='grc' dir='ltr'><strong><em>αὐτό</em></strong></span> <span class='ocrx_word' id='word_1_177' title='bbox 625 2639 741 2707; x_wconf 87' lang='lat' dir='ltr'><strong>inutile</strong></span> <span class='ocrx_word' id='word_1_178' title='bbox 758 2639 816 2719; x_wconf 82' lang='grc' dir='ltr'><strong>μέν</strong></span> <span class='ocrx_word' id='word_1_179' title='bbox 834 2642 996 2726; x_wconf 88' lang='lat' dir='ltr'><strong>inserunt,</strong></span> <span class='ocrx_word' id='word_1_180' title='bbox 1016 2646 1049 2706; x_wconf 91' lang='lat' dir='ltr'><strong>et</strong></span> <span class='ocrx_word' id='word_1_181' title='bbox 1067 2661 1141 2729; x_wconf 84' lang='lat' dir='ltr'><strong>pag.</strong></span> <span class='ocrx_word' id='word_1_182' title='bbox 1163 2639 1238 2706; x_wconf 81' lang='lat'>583.</span> <span class='ocrx_word' id='word_1_183' title='bbox 1260 2639 1313 2707; x_wconf 83' lang='lat'><strong>35.</strong></span> <span class='ocrx_word' id='word_1_184' title='bbox 1334 2644 1534 2728; x_wconf 78' lang='lat' dir='ltr'><strong>scripserim:</strong></span> <span class='ocrx_word' id='word_1_185' title='bbox 1667 2685 1668 2714; x_wconf 55' lang='lat'>2</span> 
     </span>
    </p>
   </div>
   <div class='ocr_carea' id='block_1_8' title="bbox 346 2745 1047 2831">
    <p class='ocr_par' dir='ltr' id='par_1_8' title="bbox 346 2745 1047 2831">
     <span class='ocr_line' id='line_1_21' title="bbox 346 2745 1047 2831; baseline 0.006 -23"><span class='ocrx_word' id='word_1_186' title='bbox 346 2745 412 2810; x_wconf 79' lang='grc' dir='ltr'><strong><em>ε’πεί</em></strong></span> <span class='ocrx_word' id='word_1_187' title='bbox 437 2753 494 2812; x_wconf 79' lang='grc' dir='ltr'><strong>ΔΘ</strong></span> <span class='ocrx_word' id='word_1_188' title='bbox 516 2766 573 2831; x_wconf 88' lang='lat' dir='ltr'><strong>pro</strong></span> <span class='ocrx_word' id='word_1_189' title='bbox 597 2745 701 2819; x_wconf 69' lang='lat' dir='ltr'><strong>insidis</strong></span> <span class='ocrx_word' id='word_1_190' title='bbox 721 2745 752 2812; x_wconf 74' lang='grc' dir='ltr'><strong>δέ</strong></span> <span class='ocrx_word' id='word_1_191' title='bbox 773 2751 805 2811; x_wconf 89' lang='lat' dir='ltr'><strong>et</strong></span> <span class='ocrx_word' id='word_1_192' title='bbox 828 2747 863 2810; x_wconf 87' lang='lat' dir='ltr'><strong>in</strong></span> <span class='ocrx_word' id='word_1_193' title='bbox 886 2745 909 2812; x_wconf 80' lang='lat' dir='ltr'>S</span> <span class='ocrx_word' id='word_1_194' title='bbox 932 2745 1047 2822; x_wconf 70' lang='grc' dir='ltr'><strong>ἐπειδή.</strong></span> 
     </span>
    </p>
   </div>
   <div class='ocr_carea' id='block_1_9' title="bbox 344 2951 1536 3466">
    <p class='ocr_par' dir='ltr' id='par_1_9' title="bbox 344 2951 1536 3466">
     <span class='ocr_line' id='line_1_22' title="bbox 390 2951 1535 3043; baseline 0.004 -24"><span class='ocrx_word' id='word_1_195' title='bbox 390 2954 472 3043; x_wconf 80' lang='lat' dir='ltr'><strong>Pag.</strong></span> <span class='ocrx_word' id='word_1_196' title='bbox 505 2953 580 3020; x_wconf 84' lang='lat'><strong>585.</strong></span> <span class='ocrx_word' id='word_1_197' title='bbox 615 2951 666 3020; x_wconf 86' lang='lat'><strong>17.</strong></span> <span class='ocrx_word' id='word_1_198' title='bbox 698 2951 756 3020; x_wconf 75' lang='grc' dir='ltr'><strong><em>σῖτ’</em></strong></span> <span class='ocrx_word' id='word_1_199' title='bbox 787 2955 840 3036; x_wconf 80' lang='grc' dir='ltr'><strong>ἐφ’</strong></span> <span class='ocrx_word' id='word_1_200' title='bbox 873 2951 892 3037; x_wconf 74' lang='grc' dir='ltr'><strong><em>ᾖ</em></strong></span> <span class='ocrx_word' id='word_1_201' title='bbox 922 2955 1012 3040; x_wconf 78' lang='grc' dir='ltr'><strong><em>οῖδείρι</em></strong></span> <span class='ocrx_word' id='word_1_202' title='bbox 1042 2956 1129 3022; x_wconf 81' lang='grc' dir='ltr'><strong><em>αὐτοί</em></strong></span> <span class='ocrx_word' id='word_1_203' title='bbox 1160 2957 1320 3039; x_wconf 72' lang='grc' dir='ltr'><strong><em>πορεύεσθε</em></strong></span> <span class='ocrx_word' id='word_1_204' title='bbox 1350 2957 1470 3036; x_wconf 76' lang='grc' dir='ltr'><strong><em>ταύτην</em></strong></span> <span class='ocrx_word' id='word_1_205' title='bbox 1501 2961 1535 3024; x_wconf 79' lang='grc' dir='ltr'><strong>οὐ</strong></span> 
     </span>
     <span class='ocr_line' id='line_1_23' title="bbox 344 3058 1532 3140; baseline 0.007 -16"><span class='ocrx_word' id='word_1_206' title='bbox 344 3060 580 3139; x_wconf 76' lang='grc' dir='ltr'><strong><em>βεβαιώσαντες</em></strong></span> <span class='ocrx_word' id='word_1_207' title='bbox 611 3061 677 3137; x_wconf 74' lang='grc' dir='ltr'><strong><em>ἐμοὶ</em></strong></span> <span class='ocrx_word' id='word_1_208' title='bbox 709 3058 883 3140; x_wconf 84' lang='grc' dir='ltr'><strong><em>βαδιεῖσίε;</em></strong></span> <span class='ocrx_word' id='word_1_209' title='bbox 916 3061 1006 3126; x_wconf 84' lang='lat' dir='ltr'><strong>Libri</strong></span> <span class='ocrx_word' id='word_1_210' title='bbox 1036 3083 1146 3128; x_wconf 88' lang='lat' dir='ltr'><strong>omnes</strong></span> <span class='ocrx_word' id='word_1_211' title='bbox 1173 3061 1208 3140; x_wconf 76' lang='grc' dir='ltr'><strong>ἣν</strong></span> <span class='ocrx_word' id='word_1_212' title='bbox 1240 3062 1345 3130; x_wconf 74' lang='grc' dir='ltr'><strong><em>ἄδειαν</em></strong></span> <span class='ocrx_word' id='word_1_213' title='bbox 1369 3066 1532 3132; x_wconf 88' lang='lat' dir='ltr'><strong>mendose.</strong></span> 
     </span>
     <span class='ocr_line' id='line_1_24' title="bbox 344 3165 1536 3256; baseline 0.004 -23"><span class='ocrx_word' id='word_1_214' title='bbox 344 3167 462 3234; x_wconf 83' lang='lat' dir='ltr'><strong>Reislre</strong></span> <span class='ocrx_word' id='word_1_215' title='bbox 485 3167 654 3231; x_wconf 80' lang='lat' dir='ltr'><strong>substituit</strong></span> <span class='ocrx_word' id='word_1_216' title='bbox 676 3166 842 3244; x_wconf 80' lang='lat' dir='ltr'><strong>dativum,</strong></span> <span class='ocrx_word' id='word_1_217' title='bbox 867 3186 961 3252; x_wconf 91' lang='lat' dir='ltr'><strong>quam</strong></span> <span class='ocrx_word' id='word_1_218' title='bbox 984 3165 1129 3234; x_wconf 84' lang='lat' dir='ltr'><strong>Dindorf.</strong></span> <span class='ocrx_word' id='word_1_219' title='bbox 1153 3171 1282 3256; x_wconf 88' lang='lat' dir='ltr'><strong>recepit.</strong></span> <span class='ocrx_word' id='word_1_220' title='bbox 1316 3170 1447 3238; x_wconf 87' lang='lat' dir='ltr'><strong>Nollem</strong></span> <span class='ocrx_word' id='word_1_221' title='bbox 1470 3171 1536 3238; x_wconf 86' lang='lat' dir='ltr'><strong>fac-</strong></span> 
     </span>
     <span class='ocr_line' id='line_1_25' title="bbox 344 3270 1532 3354; baseline 0.004 -16"><span class='ocrx_word' id='word_1_222' title='bbox 344 3279 426 3338; x_wconf 85' lang='lat' dir='ltr'><strong>ttrm.</strong></span> <span class='ocrx_word' id='word_1_223' title='bbox 474 3271 589 3339; x_wconf 84' lang='lat' dir='ltr'><strong>Graeci</strong></span> <span class='ocrx_word' id='word_1_224' title='bbox 619 3270 766 3338; x_wconf 87' lang='lat' dir='ltr'><strong>dicebant</strong></span> <span class='ocrx_word' id='word_1_225' title='bbox 795 3272 843 3336; x_wconf 84' lang='grc' dir='ltr'><strong>ἐπ’</strong></span> <span class='ocrx_word' id='word_1_226' title='bbox 873 3273 999 3351; x_wconf 72' lang='grc' dir='ltr'><strong><em>ἀδείας,</em></strong></span> <span class='ocrx_word' id='word_1_227' title='bbox 1033 3271 1083 3337; x_wconf 76' lang='grc' dir='ltr'><strong>ἐπί</strong></span> <span class='ocrx_word' id='word_1_228' title='bbox 1114 3283 1231 3351; x_wconf 79' lang='grc' dir='ltr'><strong><em>πολλῆς</em></strong></span> <span class='ocrx_word' id='word_1_229' title='bbox 1261 3277 1387 3354; x_wconf 68' lang='grc' dir='ltr'><strong><em>ἀδείας,</em></strong></span> <span class='ocrx_word' id='word_1_230' title='bbox 1417 3283 1456 3342; x_wconf 89' lang='lat' dir='ltr'><strong>ut</strong></span> <span class='ocrx_word' id='word_1_231' title='bbox 1484 3275 1532 3342; x_wconf 81' lang='grc' dir='ltr'><strong>ἐπ’</strong></span> 
     </span>
     <span class='ocr_line' id='line_1_26' title="bbox 345 3377 1124 3466; baseline -0.003 -20"><span class='ocrx_word' id='word_1_232' title='bbox 345 3379 494 3458; x_wconf 80' lang='grc' dir='ltr'><strong><em>ἔξουσίας.</em></strong></span> <span class='ocrx_word' id='word_1_233' title='bbox 540 3378 626 3466; x_wconf 80' lang='lat' dir='ltr'><strong>Ergo</strong></span> <span class='ocrx_word' id='word_1_234' title='bbox 648 3378 849 3444; x_wconf 89' lang='lat' dir='ltr'><strong>scribendum</strong></span> <span class='ocrx_word' id='word_1_235' title='bbox 874 3379 926 3460; x_wconf 79' lang='grc' dir='ltr'><strong>ἐφ’</strong></span> <span class='ocrx_word' id='word_1_236' title='bbox 949 3377 982 3456; x_wconf 73' lang='grc' dir='ltr'><strong><em>ἧς</em></strong></span> <span class='ocrx_word' id='word_1_237' title='bbox 1006 3378 1124 3453; x_wconf 72' lang='grc' dir='ltr'><strong><em>ἁδείας.</em></strong></span> 
     </span>
    </p>
   </div>
   <div class='ocr_carea' id='block_1_10' title="bbox 342 3585 1531 3774">
    <p class='ocr_par' dir='ltr' id='par_1_10' title="bbox 342 3585 1531 3774">
     <span class='ocr_line' id='line_1_27' title="bbox 389 3585 1531 3678; baseline 0.004 -24"><span class='ocrx_word' id='word_1_238' title='bbox 389 3588 469 3678; x_wconf 78' lang='lat' dir='ltr'><strong>Peg.</strong></span> <span class='ocrx_word' id='word_1_239' title='bbox 496 3587 570 3653; x_wconf 83' lang='lat'><strong>585.</strong></span> <span class='ocrx_word' id='word_1_240' title='bbox 596 3585 649 3652; x_wconf 92' lang='grc'><strong>26.</strong></span> <span class='ocrx_word' id='word_1_241' title='bbox 676 3585 729 3651; x_wconf 80' lang='grc' dir='ltr'><strong>ἐόν</strong></span> <span class='ocrx_word' id='word_1_242' title='bbox 753 3611 788 3652; x_wconf 87' lang='grc' dir='ltr'><strong><em>τε</em></strong></span> <span class='ocrx_word' id='word_1_243' title='bbox 810 3586 978 3661; x_wconf 85' lang='grc' dir='ltr'><strong><em>διακοσίους</em></strong></span> <span class='ocrx_word' id='word_1_244' title='bbox 1003 3586 1056 3652; x_wconf 78' lang='grc' dir='ltr'><strong>ἐόν</strong></span> <span class='ocrx_word' id='word_1_245' title='bbox 1080 3611 1115 3654; x_wconf 89' lang='grc' dir='ltr'><strong><em>τε</em></strong></span> <span class='ocrx_word' id='word_1_246' title='bbox 1138 3588 1258 3670; x_wconf 80' lang='grc' dir='ltr'><strong><em>χιλίους</em></strong></span> <span class='ocrx_word' id='word_1_247' title='bbox 1283 3587 1337 3654; x_wconf 82' lang='grc' dir='ltr'><strong><em>εὀίν</em></strong></span> <span class='ocrx_word' id='word_1_248' title='bbox 1359 3591 1385 3656; x_wconf 76' lang='grc' dir='ltr'><strong>θ’</strong></span> <span class='ocrx_word' id='word_1_249' title='bbox 1405 3589 1531 3664; x_wconf 78' lang='grc' dir='ltr'><strong><em>ὁπόσους</em></strong></span> 
     </span>
     <span class='ocr_line' id='line_1_28' title="bbox 342 3690 1095 3774; baseline -0.004 -14"><span class='ocrx_word' id='word_1_250' title='bbox 342 3691 418 3760; x_wconf 69' lang='lat' dir='ltr'><strong>“AN</strong></span> <span class='ocrx_word' id='word_1_251' title='bbox 443 3695 460 3768; x_wconf 75' lang='lat' dir='ltr'><strong>si</strong></span> <span class='ocrx_word' id='word_1_252' title='bbox 485 3694 575 3767; x_wconf 88' lang='grc' dir='ltr'><strong><em>πόλις</em></strong></span> <span class='ocrx_word' id='word_1_253' title='bbox 598 3693 720 3774; x_wconf 80' lang='grc' dir='ltr'><strong><em>καόίσρς.</em></strong></span> <span class='ocrx_word' id='word_1_254' title='bbox 768 3690 870 3758; x_wconf 82' lang='lat' dir='ltr'><strong>Serib.</strong></span> <span class='ocrx_word' id='word_1_255' title='bbox 894 3694 1095 3760; x_wconf 85' lang='grc' dir='ltr'><strong><em>ίποσουσΔΗ.</em></strong></span> 
     </span>
    </p>
   </div>
   <div class='ocr_carea' id='block_1_11' title="bbox 340 3897 1534 4519">
    <p class='ocr_par' dir='ltr' id='par_1_11' title="bbox 340 3897 1534 4519">
     <span class='ocr_line' id='line_1_29' title="bbox 390 3897 1530 3992; baseline 0.002 -22"><span class='ocrx_word' id='word_1_256' title='bbox 390 3903 470 3991; x_wconf 77' lang='lat' dir='ltr'><strong>Peg.</strong></span> <span class='ocrx_word' id='word_1_257' title='bbox 502 3899 579 3967; x_wconf 82' lang='grc'>586.</span> <span class='ocrx_word' id='word_1_258' title='bbox 611 3897 639 3966; x_wconf 91' lang='grc'><strong>7.</strong></span> <span class='ocrx_word' id='word_1_259' title='bbox 675 3901 764 3980; x_wconf 80' lang='grc' dir='ltr'><strong><em>ὑμεῖς</em></strong></span> <span class='ocrx_word' id='word_1_260' title='bbox 796 3901 850 3966; x_wconf 77' lang='grc' dir='ltr'><strong><em>ἐόιν</em></strong></span> <span class='ocrx_word' id='word_1_261' title='bbox 880 3901 1040 3980; x_wconf 79' lang='grc' dir='ltr'><strong><em>βεβαιῶτε</em></strong></span> <span class='ocrx_word' id='word_1_262' title='bbox 1072 3904 1184 3972; x_wconf 76' lang='grc' dir='ltr'><strong><em>αὐτοὺς</em></strong></span> <span class='ocrx_word' id='word_1_263' title='bbox 1217 3900 1300 3992; x_wconf 83' lang='grc' dir='ltr'><strong><em>(τοὺς</em></strong></span> <span class='ocrx_word' id='word_1_264' title='bbox 1331 3903 1457 3986; x_wconf 91' lang='grc' dir='ltr'><strong><em>νόμους)</em></strong></span> <span class='ocrx_word' id='word_1_265' title='bbox 1479 3907 1530 3974; x_wconf 76' lang='grc' dir='ltr'><strong>καί</strong></span> 
     </span>
     <span class='ocr_line' id='line_1_30' title="bbox 345 4006 1530 4092; baseline 0.001 -15"><span class='ocrx_word' id='word_1_266' title='bbox 345 4008 506 4091; x_wconf 71' lang='grc' dir='ltr'><strong><em>παρέχητε</em></strong></span> <span class='ocrx_word' id='word_1_267' title='bbox 529 4006 643 4090; x_wconf 89' lang='grc' dir='ltr'><strong><em>κυρίους</em></strong></span> <span class='ocrx_word' id='word_1_268' title='bbox 666 4006 715 4071; x_wconf 73' lang='lat' dir='ltr'><strong>ciel</strong></span> <span class='ocrx_word' id='word_1_269' title='bbox 738 4007 781 4088; x_wconf 76' lang='grc' dir='ltr'><strong><em>τῷ</em></strong></span> <span class='ocrx_word' id='word_1_270' title='bbox 805 4007 944 4090; x_wconf 79' lang='grc' dir='ltr'><strong>δεομένῳ.</strong></span> <span class='ocrx_word' id='word_1_271' title='bbox 980 4009 1056 4074; x_wconf 81' lang='lat' dir='ltr'><strong>Ecce</strong></span> <span class='ocrx_word' id='word_1_272' title='bbox 1077 4009 1185 4074; x_wconf 81' lang='lat' dir='ltr'><strong>iterem</strong></span> <span class='ocrx_word' id='word_1_273' title='bbox 1212 4009 1373 4092; x_wconf 75' lang='lat' dir='ltr'><strong>Crispinus.</strong></span> <span class='ocrx_word' id='word_1_274' title='bbox 1409 4011 1530 4078; x_wconf 88' lang='lat' dir='ltr'><strong>Iterum</strong></span> 
     </span>
     <span class='ocr_line' id='line_1_31' title="bbox 346 4111 1533 4202; baseline 0.002 -20"><span class='ocrx_word' id='word_1_275' title='bbox 346 4123 513 4202; x_wconf 86' lang='lat' dir='ltr'><strong>transpone</strong></span> <span class='ocrx_word' id='word_1_276' title='bbox 534 4116 578 4195; x_wconf 77' lang='grc' dir='ltr'><strong><em>τῷ</em></strong></span> <span class='ocrx_word' id='word_1_277' title='bbox 602 4112 649 4178; x_wconf 73' lang='grc' dir='ltr'><strong>ἀεὶ</strong></span> <span class='ocrx_word' id='word_1_278' title='bbox 673 4111 812 4194; x_wconf 76' lang='grc' dir='ltr'><strong>δεομένῳ.</strong></span> <span class='ocrx_word' id='word_1_279' title='bbox 848 4113 910 4179; x_wconf 80' lang='lat' dir='ltr'><strong>Sed</strong></span> <span class='ocrx_word' id='word_1_280' title='bbox 933 4113 1117 4201; x_wconf 88' lang='lat' dir='ltr'><strong>obloquitur</strong></span> <span class='ocrx_word' id='word_1_281' title='bbox 1138 4113 1325 4182; x_wconf 80' lang='lat' dir='ltr'><strong>Schaefenrs</strong></span> <span class='ocrx_word' id='word_1_282' title='bbox 1343 4116 1533 4186; x_wconf 85' lang='lat' dir='ltr'><strong>admonens:</strong></span> 
     </span>
     <span class='ocr_line' id='line_1_32' title="bbox 349 4219 1532 4306; baseline 0.003 -20"><span class='ocrx_word' id='word_1_283' title='bbox 349 4245 443 4302; x_wconf 86' lang='lat' dir='ltr'><strong>‚,ccoe</strong></span> <span class='ocrx_word' id='word_1_284' title='bbox 472 4223 574 4285; x_wconf 80' lang='grc' dir='ltr'><strong><em>οτοιίοο</em></strong></span> <span class='ocrx_word' id='word_1_285' title='bbox 602 4221 680 4284; x_wconf 77' lang='lat' dir='ltr'><strong>deoc</strong></span> <span class='ocrx_word' id='word_1_286' title='bbox 704 4219 836 4284; x_wconf 78' lang='lat' dir='ltr'><strong>ordinem</strong></span> <span class='ocrx_word' id='word_1_287' title='bbox 858 4243 919 4286; x_wconf 81' lang='lat' dir='ltr'><strong>cese</strong></span> <span class='ocrx_word' id='word_1_288' title='bbox 934 4219 1146 4306; x_wconf 78' lang='lat' dir='ltr'><strong>perpetuom,&#39;&#39;</strong></span> <span class='ocrx_word' id='word_1_289' title='bbox 1170 4226 1202 4288; x_wconf 90' lang='lat' dir='ltr'><strong>et</strong></span> <span class='ocrx_word' id='word_1_290' title='bbox 1225 4222 1345 4288; x_wconf 88' lang='lat' dir='ltr'><strong>indicat</strong></span> <span class='ocrx_word' id='word_1_291' title='bbox 1367 4222 1454 4294; x_wconf 87' lang='lat' dir='ltr'><strong>locos</strong></span> <span class='ocrx_word' id='word_1_292' title='bbox 1476 4225 1532 4292; x_wconf 85' lang='lat' dir='ltr'><strong>ali·</strong></span> 
     </span>
     <span class='ocr_line' id='line_1_33' title="bbox 340 4325 1533 4418; baseline 0.002 -24"><span class='ocrx_word' id='word_1_293' title='bbox 340 4334 426 4414; x_wconf 49' lang='lat' dir='ltr'><strong>,quot</strong></span> <span class='ocrx_word' id='word_1_294' title='bbox 457 4332 630 4412; x_wconf 90' lang='lat' dir='ltr'><strong>corruptos.</strong></span> <span class='ocrx_word' id='word_1_295' title='bbox 677 4325 807 4391; x_wconf 80' lang='lat' dir='ltr'><strong>Poterat</strong></span> <span class='ocrx_word' id='word_1_296' title='bbox 837 4325 950 4393; x_wconf 79' lang='lat' dir='ltr'><strong>addere</strong></span> <span class='ocrx_word' id='word_1_297' title='bbox 981 4332 1159 4406; x_wconf 85' lang='lat' dir='ltr'><strong>sexcentos,</strong></span> <span class='ocrx_word' id='word_1_298' title='bbox 1194 4327 1248 4394; x_wconf 89' lang='lat' dir='ltr'><strong>sed</strong></span> <span class='ocrx_word' id='word_1_299' title='bbox 1279 4329 1356 4415; x_wconf 92' lang='lat' dir='ltr'><strong>quid</strong></span> <span class='ocrx_word' id='word_1_300' title='bbox 1385 4329 1533 4418; x_wconf 75' lang='lat' dir='ltr'><strong>prodest?</strong></span> 
     </span>
     <span class='ocr_line' id='line_1_34' title="bbox 346 4433 1534 4519; baseline 0.001 -15"><span class='ocrx_word' id='word_1_301' title='bbox 346 4433 419 4504; x_wconf 88' lang='lat' dir='ltr'><strong>Non</strong></span> <span class='ocrx_word' id='word_1_302' title='bbox 457 4434 572 4519; x_wconf 90' lang='lat' dir='ltr'><strong>pendet</strong></span> <span class='ocrx_word' id='word_1_303' title='bbox 605 4454 643 4499; x_wconf 87' lang='lat' dir='ltr'><strong>ea</strong></span> <span class='ocrx_word' id='word_1_304' title='bbox 676 4435 887 4500; x_wconf 87' lang='lat' dir='ltr'><strong>controversia</strong></span> <span class='ocrx_word' id='word_1_305' title='bbox 922 4455 960 4500; x_wconf 87' lang='lat' dir='ltr'><strong>ex</strong></span> <span class='ocrx_word' id='word_1_306' title='bbox 994 4435 1187 4500; x_wconf 88' lang='lat' dir='ltr'><strong>testimoniis</strong></span> <span class='ocrx_word' id='word_1_307' title='bbox 1221 4434 1377 4502; x_wconf 89' lang='lat' dir='ltr'><strong>librorum</strong></span> <span class='ocrx_word' id='word_1_308' title='bbox 1409 4438 1465 4504; x_wconf 91' lang='lat' dir='ltr'><strong>sed</strong></span> <span class='ocrx_word' id='word_1_309' title='bbox 1496 4459 1534 4504; x_wconf 82' lang='lat' dir='ltr'><strong>er</strong></span> 
     </span>
    </p>
   </div>
   <div class='ocr_carea' id='block_1_12' title="bbox 0 0 1688 5084">
    <p class='ocr_par' dir='ltr' id='par_1_12' title="bbox 0 0 1688 5084">
     <span class='ocr_line' id='line_1_35' title="bbox 0 0 1688 5084; baseline 0 0"><span class='ocrx_word' id='word_1_310' title='bbox 0 0 1688 5084; x_wconf 95' lang='lat' dir='ltr'><strong> </strong></span> 
     </span>
    </p>
   </div>
  </div>
 </body>
</html>
