3308 5090
892 345 957 417 112

330 533 453 613 πίτερον
482 535 530 606 οὗν
562 540 587 604 oi
619 541 729 618 πρῶτοι
760 538 942 616 διορίσαντες
973 536 1032 601 τοὶς
1062 545 1143 615 τρεῖς
1169 533 1351 615 (ἠπείρους),
1377 533 1427 600 ίνα
1450 535 1520 600 ἀπὸ

329 653 386 710 τῶν
418 648 562 729 ίσχιίτοιν
593 644 1128 724 ἄρξωμαι.Δ1ΑΙΤΩΝἸ“ΕΕτίρν
1154 640 1210 712 ἔριν
1233 646 1277 719 μὴ
1302 643 1387 706 κατὰ
1411 641 1520 717 Δημί-

330 777 426 831 κριτον
458 753 545 818 οίλλίι
577 757 649 817 κατ’
681 751 773 817 αὐτόν
805 752 869 816 xri.
911 751 1008 815 Estne
1031 752 1232 835 perspicuum
1256 749 1334 813 olim
1358 752 1518 834 scriptum

329 859 443 925 fiiisse:
468 859 679 942 ἓριδοίνται
703 858 816 928 ὄντες
840 859 884 936 μὴ
909 857 995 922 κατὰ
1020 857 1209 937 Δημόκριτον
1234 850 1321 920 xri?

374 1068 488 1137 Strabo
509 1069 628 1135 fatetur
649 1091 722 1157 pag.
748 1067 801 1134 66.
826 1067 958 1133 πολλοὺς
981 1064 1033 1130 καί
1055 1071 1113 1130 τῶν
1132 1065 1285 1138 Ἑλλήνων
1305 1059 1379 1128 εἶναι
1401 1061 1516 1134 κακοὺς

328 1174 381 1239 καί
411 1181 470 1239 τῶν
500 1175 668 1255 βαρβαρων
698 1175 836 1246 οίςείους.
870 1171 1010 1252 καίοίπερ
1043 1172 1151 1242 Ἰνδοὺς
1181 1171 1234 1236 καί
1266 1173 1514 1246 ’Antenora

329 1278 373 1345 ἔτι
396 1280 427 1346 δὲ
451 1282 618 1352 Ῥωμαίους
644 1280 696 1344 καί
722 1280 943 1360 Καρχηδονίους
967 1276 1043 1343 οὕτω
1068 1280 1232 1352 ίαυμοιςῶς
1252 1275 1515 1352 πολιτευομένους.

328 1387 430 1467 Quem
454 1389 580 1475 indigni
604 1391 668 1452 sint
691 1387 750 1453 boe
772 1387 888 1452 bonore
913 1387 1022 1451 Ariani
1045 1385 1194 1450 Meineke
1214 1405 1251 1448 ex
1272 1387 1341 1468 ipso
1360 1381 1516 1447 Strabone

326 1514 400 1581 pag.
427 1491 490 1558 130
514 1494 669 1559 ostendit:
694 1490 781 1573 χιίρα
806 1495 903 1570 συχνὴ
928 1495 1056 1568 Φαύλυο
1081 1490 1237 1566 οἰκουμένη
1262 1490 1313 1554 tet
1333 1488 1513 1565 λυπρίτιρτιι

329 1599 380 1663 ὑπ’
412 1599 569 1677 ἀνθρώπων
599 1599 712 1668 τελέως
743 1598 929 1677 βαρβαρων·
961 1601 1090 1662 καλοῦσι
1120 1597 1146 1660 δ’
1179 1596 1344 1674 Ἀριανούς.
1400 1594 1513 1678 ltaque

306 1705 481 1784 ,Ασιασιιίοο
511 1705 733 1770 substituebat.
777 1703 840 1768 Res
870 1706 939 1789 ipss
966 1703 1106 1768 declarat
1137 1685 1326 1780 Αἰγυπτίους
1354 1702 1514 1767 nominari

327 1809 489 1888 debuisse,
513 1831 591 1896 quos
614 1808 727 1876 Strabo
748 1809 860 1875 laudet
882 1814 915 1874 st
938 1809 1016 1874 alibi
1039 1810 1157 1895 passim
1182 1814 1214 1874 et
1236 1829 1309 1896 pag.
1337 1805 1412 1872 103.

373 2021 454 2108 Peg.
487 2018 540 2087 70.
573 2022 639 2098 περί
670 2019 707 2088 ὦν
735 2023 857 2101 Ἕτερος
882 2023 934 2087 τὸν
956 2019 1053 2099 ἕτερον
1078 2021 1228 2102 ἐλέγχει.
1254 2023 1317 2086 nisi
1339 2020 1513 2086 articulum

328 2127 487 2194 addideris
509 2131 616 2213 inepte
639 2129 762 2194 dietum
786 2132 856 2195 erit.
904 2127 1013 2195 Scribe
1036 2131 1155 2216 igitur:
1177 2128 1304 2209 Ἀτερος
1327 2131 1379 2194 τὸν
1403 2123 1509 2205 ἕτερον.

327 2233 448 2300 Eodem
471 2235 565 2300 modo
589 2240 621 2301 et
645 2234 723 2301 elibi
744 2241 919 2321 peecatum.

372 2440 453 2528 Pag.
489 2438 541 2508 73.
577 2442 632 2512 τίον
662 2440 768 2520 Ἀρίαν
798 2442 909 2526 εὑοινίρι
941 2441 1166 2522 ὑπερβάλλειν,
1201 2446 1230 2509 ίν
1261 2441 1280 2526 ᾗ
1311 2467 1351 2522 γε
1383 2443 1435 2506 καί
1468 2444 1510 2515 είς

327 2554 539 2626 τριγΕΝΕΙαν
570 2548 757 2624 παραμένειν
781 2548 810 2611 ἐν
834 2548 1019 2620 οὶπιττιίτοις
1044 2549 1163 2628 ἄγγεσι
1187 2550 1239 2614 τὸν
1262 2545 1345 2614 οἶνον.
1388 2549 1510 2638 Legen-

327 2651 405 2717 dum
434 2654 477 2723 είς
507 2660 715 2730 τριγΟΝΙαν.
748 2655 794 2718 sie
825 2657 912 2719 enim
943 2658 978 2719 in
1009 2655 1068 2722 teli
1090 2677 1123 2722 re
1149 2657 1212 2722 diei
1235 2663 1421 2722 consuetum
1445 2662 1509 2735 est,

326 2761 394 2824 sive
425 2759 464 2824 ds
489 2758 674 2823 hominibus
700 2779 804 2824 sermo
835 2766 899 2836 est,
924 2763 992 2826 sive
1015 2761 1054 2826 de
1077 2764 1161 2828 vino.
1198 2760 1312 2828 Strabo
1334 2782 1406 2850 pag.
1434 2761 1510 2826 179.

327 2863 378 2929 irai
408 2865 622 2943 τριγονίας
654 2865 689 2928 εἰι
718 2872 851 2930 πολιτῶν
879 2868 1024 2945 γεγονώς.
1059 2874 1090 2934 et
1121 2889 1193 2956 pag.
1221 2867 1294 2933 190.
1320 2867 1414 2948 μέχρι
1438 2891 1511 2946 τρι·

326 2971 479 3051 γονίας.
517 2977 549 3036 et
579 2991 652 3060 pag.
687 2969 763 3036 516.
795 2972 834 3037 de
865 2973 924 3038 bne
955 2975 1026 3059 ipss
1054 2976 1183 3062 regione
1214 2975 1309 3040 dicit:
1342 2976 1451 3038 εὐοινεῖ
1480 2974 1510 3040 δὲ

326 3079 447 3158 σφόδρα
479 3081 496 3153 ἡ
520 3086 580 3157 γῆ·
606 3078 659 3143 καί
683 3080 747 3158 γὰρ
770 3079 813 3151 είς
837 3079 1052 3159 τριγονίαν
1078 3081 1248 3162 παραμένει
1272 3083 1303 3146 ἐν
1325 3083 1510 3154 ιίπιττιίτοιο

327 3183 473 3264 ἄγγεσιν.

370 3393 449 3482 Peg.
475 3391 528 3460 78.
555 3397 571 3469 ti
597 3391 666 3468 ἑξῆς
691 3391 796 3473 ἔφοδος
819 3396 852 3460 ἐκ
877 3396 921 3471 ui
947 3393 1101 3469 διδομένου
1125 3396 1292 3471 λήμματος
1314 3396 1368 3461 οὐκ
1387 3393 1425 3461 ίαν
1442 3394 1512 3461 ἕπε-

325 3505 481 3582 ραίνεΤΟ.
525 3500 604 3588 Leg.
634 3501 792 3578 ἐπέραινε.
817 3499 910 3566 Oerto
934 3503 1016 3566 enim
1043 3509 1075 3566 st
1098 3504 1254 3566 constanti
1277 3523 1338 3566 usu
1360 3505 1394 3566 in
1418 3521 1455 3569 ee
1478 3524 1512 3568 re

325 3606 476 3682 περαίνειν
508 3609 636 3690 ponitur
664 3613 696 3672 et
727 3609 752 3670 οί
784 3607 974 3684 περαίνοντες
1008 3609 1105 3685 λίγοι.
1144 3608 1344 3684 Περαίνεσίαι
1365 3611 1398 3672 in
1421 3609 1512 3675 foede

324 3710 458 3777 libidine
488 3717 666 3796 usurpetur.
713 3711 804 3779 Unde
826 3716 930 3779 iocum
955 3735 993 3778 ex
1016 3715 1169 3801 ambiguo
1192 3717 1351 3798 quaesivit
1373 3714 1512 3800 pbiloso-

324 3818 407 3904 pbus
430 3818 514 3902 apud
538 3815 717 3883 Lueiennm
740 3819 904 3884 XXXVII.
932 3819 985 3885 15.
1009 3821 1164 3886 νεανίσκου
1187 3822 1294 3896 ὡραίου
1312 3821 1512 3902 ἐρεσχηλοῦν-

324 3947 375 3996 τος
408 3922 501 3988 αὐτὸν
533 3924 586 3987 καί
618 3925 818 4004 προτείνοντος
850 3926 991 4004 ἐρώτημα
1021 3950 1050 3990 τι
1074 3925 1233 4004 σοΦισιιιίν
1257 3927 1310 3991 καί
1335 3927 1512 4000 κελεύοντος

324 4032 421 4097 είπεῒν
444 4032 497 4093 τοῦ
522 4034 735 4108 συλλογισμοῦ
758 4032 813 4105 τίρν
836 4037 940 4096 λύσιν·
967 4024 1011 4109 ἓν,
1032 4029 1111 4115 ἔφη,
1132 4029 1202 4098 siba
1214 4080 1223 4109 ,
1242 4031 1363 4109 τέκνον,
1385 4029 1431 4098 ὅτι
1452 4058 1513 4099 πε-

326 4138 484 4216 petrei
508 4135 576 4201 vid.
607 4135 677 4202 Var.
702 4136 796 4202 Lecti.
821 4158 895 4226 pag.
922 4136 976 4203 40.

372 4343 498 4412 Susino
533 4367 605 4435 pag.
638 4345 692 4412 80.
724 4349 788 4414 cini
818 4387 860 4398 -
884 4347 1135 4430 ΠερσετίλΕΩΕ
1167 4349 1220 4414 καί
1252 4357 1310 4414 τῶν
1342 4350 1424 4430 ίρίυν
1456 4361 1511 4428 τῆς

326 4451 480 4535 Περσίδος.
513 4451 576 4520 Pro
599 4456 653 4520 καί
676 4461 832 4540 reponunt
853 4455 969 4538 μέχρι,
995 4461 1029 4520 et
1052 4459 1088 4519 tu
1108 4451 1161 4530 ἕως
1181 4457 1333 4536 rescribe,
1355 4459 1440 4544 quod
1456 4481 1514 4526 eur
