3304 5090
700 365 762 440 171

137 555 280 649 irreptum
319 563 479 630 emblema
516 567 589 648 post
627 561 659 639 ἦν
702 579 740 630 ax
764 553 920 653 ‘margine
954 565 1081 648 irrepsit
1114 565 1149 628 in
1186 567 1321 628 textum.

137 669 311 735 Notissima
341 673 471 735 nomina
501 675 576 734 sunt
606 674 639 735 in
662 671 794 738 historia
818 671 842 736 οί
867 669 1004 748 διάδοχοι
1028 676 1191 734 eteorum
1216 667 1275 732 filii
1299 668 1323 731 οί

138 777 286 853 ἐπίγονοι,
319 775 589 860 quamadmodum
621 779 653 840 in
686 781 821 843 vetustis
851 775 967 841 fabulis
998 776 1036 840 de
1066 765 1150 840 bello
1175 774 1325 840 Thebano

139 884 163 946 οί
194 884 346 958 ἐπίγονοι,
378 889 415 944 ut
439 877 523 965 apud
546 879 731 948 Strabonem
755 903 828 969 pag.
855 881 931 946 325.
956 881 1040 957 μετὰ
1064 882 1118 953 τὴν
1144 882 1213 966 (τῶν
1237 881 1322 964 add.)

139 987 283 1064 ε’πιχίνυν
317 987 368 1050 έπί
398 988 456 1056 τὰς
493 987 604 1064 Θήβαις
640 991 794 1066 sparsim.
855 987 1003 1053 Suboluit
1036 987 1122 1052 fraus
1151 987 1324 1069 liemaro,

139 1094 192 1160 ssd
223 1096 381 1178 extirpare
413 1095 532 1158 vitium
565 1113 660 1158 ausus
689 1115 752 1158 non
783 1100 840 1159 est.
888 1096 1006 1180 Arguit
1029 1085 1189 1158 emblema
1212 1096 1326 1158 vitiosa

139 1201 308 1266 vorborum
339 1201 537 1282 compositio.
584 1199 655 1264 Dici
679 1205 816 1284 poterat:
844 1201 928 1262 κοσοὶ
952 1201 1022 1269 τοὺς
1045 1203 1098 1263 τοῦ
1123 1197 1326 1277 Ἀλεξάνδρου

140 1307 300 1384 διαδόχους
324 1302 359 1380 ἦν
382 1311 481 1370 Γετῶν
505 1303 658 1382 βοισιλειίς
671 1355 679 1383 ,
705 1305 760 1370 sed
783 1305 918 1392 vulgata
941 1307 1049 1390 inepta
1072 1311 1131 1369 cst.

183 1517 263 1605 Pag.
289 1514 365 1580 308.
415 1513 602 1579 ἘΚπλέονπι
626 1515 653 1580 δ’
677 1516 707 1578 ἐν
730 1517 854 1598 satraps
876 1513 1010 1596 πολίχνη
1032 1515 1083 1579 κοιί
1106 1513 1202 1588 ἄλλος
1222 1513 1325 1590 λιμιίν.

141 1621 296 1688 Mardum
326 1623 361 1686 in
390 1619 554 1686 Strabonis
588 1619 679 1685 libris
712 1622 914 1706 perfrequens
948 1621 1032 1685 huno
1066 1641 1189 1706 quoque
1221 1619 1328 1685 lorum

143 1729 326 1814 corrumpit.
373 1726 523 1791 Rescribe
556 1726 746 1791 ΕΙΕπλέονσι
778 1727 818 1791 δι’.
844 1733 882 1791 ut
904 1747 976 1813 pag.
1002 1724 1077 1790 310.
1103 1729 1133 1789 ἓν
1156 1728 1280 1809 οίριςερᾷ
1302 1727 1328 1790 δ’

143 1837 379 1900 εἰσπλέοντι
416 1831 574 1911 πολίχνιόν
610 1833 654 1900 έςι
687 1833 875 1912 Μυρμιίοιιον.
908 1838 940 1896 et
970 1851 1045 1918 pag.
1081 1831 1156 1896 325.
1190 1833 1219 1894 ἕν
1242 1830 1327 1914 δεξιᾷ

144 1941 404 2006 εἰσπλέουσιν
427 1941 631 2022 Ἀιιοιρνοῖνες,
651 1945 683 2004 et
703 1943 748 2004 sic
768 1942 886 2024 passim
908 1937 996 2002 alibi.
1022 1937 1093 2001 Via.
1114 1938 1152 2001 ad
1165 1957 1237 2026 pag.
1251 1934 1328 2002 252.

186 2151 266 2239 Pag.
293 2149 370 2217 317.
396 2151 550 2215 οίποίείσιν
570 2149 687 2230 ἡμέροις
707 2149 798 2214 πέντε
819 2147 1024 2226 έξεπνίχνυνσο
1044 2148 1069 2210 oi
1089 2143 1176 2216 ίίλει.
1209 2144 1330 2211 Vitioss

146 2257 285 2324 adhaesit
316 2257 413 2323 verbo
443 2257 567 2320 inutilis
598 2257 787 2341 praepositio
821 2261 854 2319 et
884 2274 976 2320 sensu
1007 2271 1094 2318 cassa
1124 2251 1167 2328 ἐξ.
1215 2249 1329 2316 Veram

147 2363 313 2431 lectionem
343 2366 481 2449 repperit
512 2357 604 2428 retiis
634 2368 789 2426 corrector
817 2358 942 2426 Codicis
972 2368 1011 2425 Ε.
1038 2357 1152 2439 ἡμέροις
1176 2356 1269 2454 πέντε
1286 2353 1329 2418 Ἢ

148 2469 177 2547 ἓξ
200 2470 389 2548 έπνίχνυνσο,
413 2468 469 2535 sed
492 2488 587 2534 nemo
610 2470 738 2554 recepit.

187 2677 317 2743 Sumo
340 2697 412 2764 pag.
441 2675 517 2742 350.
543 2676 592 2740 ἐπί
617 2674 687 2748 τοὺς
712 2675 908 2757 Τηλεμάχου
932 2676 1066 2756 ἑτοίμους
1086 2672 1229 2752 ἄγγελοι
1250 2673 1328 2749 πέμ-

147 2810 237 2849 πεποιι
262 2783 337 2860 πρὸς
359 2784 393 2847 τὸ
418 2791 522 2848 πλοῖον
546 2788 647 2846 καλῶν
671 2782 721 2846 ἐπί
746 2779 881 2856 ξενίΑΝ.
928 2780 1014 2868 Lege
1038 2781 1089 2845 έπί
1114 2779 1216 2854 ξένιΑ.
1257 2777 1331 2842 Per·

146 2899 259 2977 petuas
281 2891 335 2968 hio
359 2890 534 2955 scribarum
558 2909 643 2954 error
665 2892 722 2953 est.
751 2889 836 2952 Cives
858 2893 1012 2953 vocantur
1035 2887 1083 2950 ε’πί
1108 2888 1244 2954 δεῖπνον.
1268 2886 1333 2949 kor-

141 2999 219 3082 pita
251 2997 302 3061 ίπί
334 2993 438 3072 ξίνιοι,
472 2995 526 3059 sad
560 2992 683 3059 librarii
707 2994 757 3057 ἐπί
782 2993 935 3071 ξενίοισι
958 2994 1007 3056 ίιιί
1033 2991 1118 3074 ξενίᾳ
1140 2991 1332 3055 substituere

33 3151 38 3160 -
147 3105 256 3171 solent.
305 3105 394 3170 Esaia
434 3107 466 3167 et
499 3100 600 3177 ξενίοις
636 3107 745 3179 τυχεῖν
781 3100 819 3164 de
852 3099 977 3182 hospitio
1011 3097 1146 3175 dicitur,
1183 3093 1266 3172 ξένιον
1302 3100 1334 3160 et

148 3221 254 3277 καλεῖν
278 3211 329 3273 ε’πί
354 3209 438 3286 ξένιοι
463 3209 501 3272 dc
524 3229 613 3271 ονομα
637 3207 689 3272 vel
712 3207 816 3290 epulis.

191 3317 307 3382 Haesit
338 3315 398 3380 hoo
423 3316 543 3379 vitium
566 3315 612 3377 in'
627 3313 819 3378 editionibus
841 3311 971 3376 Diodori
994 3307 1114 3386 Siculi,
1140 3308 1333 3383 Pausanias,

150 3423 253 3488 Flavii
274 3421 402 3506 Iosephi
425 3424 456 3485 et
479 3419 625 3485 aliorum.

193 3631 323 3697 srsrro
345 3650 418 3718 pag.
445 3627 521 3696 362.
546 3629 701 3713 deprimo
724 3635 757 3696 st
774 3627 900 3692 νοουιιιίο
921 3623 1004 3693 bello
1024 3623 1218 3694 Messeniaoo
1239 3645 1337 3713 agens

152 3740 196 3804 ita
221 3738 351 3803 scribit:
376 3739 431 3812 rba
453 3737 509 3813 μὲν
533 3731 581 3802 οὖν
604 3735 723 3814 πριίσνν
747 3735 938 3809 κιιποίιισησιν
962 3737 1061 3800 αὐτῶν
1084 3735 1161 3818 φησί
1185 3739 1337 3813 Τυρτοιίος

153 3844 181 3908 ἐν
208 3849 272 3915 τοῖς
305 3846 457 3921 ποινίμοισι
488 3842 574 3908 sarai
597 3843 667 3914 ποὺς
691 3848 749 3904 σῶν
774 3843 912 3921 ποτίμων
935 3841 1073 3922 ποισέροις
1097 3828 1254 3919 protasii·
1281 3839 1335 3912 τὴν

154 3949 183 4014 δὲ
226 3951 386 4028 δευτέρον,
429 3953 497 4014 κοιί’
541 3939 574 4022 ἣν
617 3947 753 4024 ἑλόμενοι
794 3945 982 4026 συμμάχους
1020 3946 1179 4028 Ἀργείους
1214 3967 1248 4006 σε
1286 3941 1338 4006 κοιί

156 4055 356 4124 ἨΛΕΙΟΤΟ
386 4057 437 4120 xci
469 4055 613 4127 Πισοίσοις
640 4055 824 4130 οίπέςιοσοιν,
856 4053 1011 4134 ’Λρκοίδυν
1041 4054 1097 4131 μὲν
1124 4049 1338 4129 Ἀμιςοκροίπηυ

154 4164 203 4230 σὸν
243 4162 451 4244 Ὀρχομενίων
485 4161 633 4240 ’βοσιλέοι
669 4159 887 4241 παρεχομένων
919 4157 1093 4238 ςροιπιιχίν,
1130 4162 1271 4220 Πισοισῶν
1308 4155 1339 4219 δὲ

156 4269 385 4336 sanarem
409 4270 459 4335 σίν
492 4269 735 4347 Ὀμφαλίωνος,
768 4269 856 4344 ιίνίιιιι
885 4267 980 4347 φησίν
1003 4265 1096 4335 αὐτὸς
1123 4263 1149 4350 (ί
1174 4261 1339 4348 Τυρποιίοσ)

155 4385 352 4458 ςριισνχῆσοιι
376 4379 427 4442 σίν
451 4375 584 4452 πόλεμον
608 4383 672 4446 τοῖς
696 4374 961 4450 Λακεδαιμονίοις.
1007 4371 1055 4436 De
1078 4374 1165 4434 tertio
1185 4375 1217 4434 et
1236 4375 1341 4454 quarto

156 4481 238 4550 hello
267 4483 463 4570 postpauca
485 4484 613 4549 scribit:
639 4481 770 4560 έπίμέν
793 4477 842 4545 οὖν
866 4481 960 4543 αὑτοῦ
985 4481 1038 4540 τοῦ
1062 4475 1214 4556 Τυμσοίου
1239 4475 1252 4539 ί
1276 4473 1340 4542 δεύ-
