<?xml version="1.0" encoding="UTF-8"?>
<!DOCTYPE html PUBLIC "-//W3C//DTD XHTML 1.0 Transitional//EN"
    "http://www.w3.org/TR/xhtml1/DTD/xhtml1-transitional.dtd">
<html xmlns="http://www.w3.org/1999/xhtml" xml:lang="en" lang="en">
 <head>
  <title>
</title>
<meta http-equiv="Content-Type" content="text/html;charset=utf-8" />
  <meta name='ocr-system' content='tesseract 3.04.00' />
  <meta name='ocr-capabilities' content='ocr_page ocr_carea ocr_par ocr_line ocrx_word'/>
</head>
<body>
  <div class='ocr_page' id='page_1' title='image "./miscellaneacrit00cobegoog/miscellaneacrit00cobegoog_0191.png"; bbox 0 0 3304 5090; ppageno 0'>
   <div class='ocr_carea' id='block_1_1' title="bbox 878 347 941 420">
    <p class='ocr_par' dir='ltr' id='par_1_1' title="bbox 878 347 941 420">
     <span class='ocr_line' id='line_1_1' title="bbox 878 347 941 420; baseline -0.032 -1"><span class='ocrx_word' id='word_1_1' title='bbox 878 347 941 420; x_wconf 73' lang='grc'>170</span> 
     </span>
    </p>
   </div>
   <div class='ocr_carea' id='block_1_2' title="bbox 313 537 1507 1372">
    <p class='ocr_par' dir='ltr' id='par_1_2' title="bbox 313 537 1507 1372">
     <span class='ocr_line' id='line_1_2' title="bbox 315 537 1507 629; baseline -0.002 -21"><span class='ocrx_word' id='word_1_2' title='bbox 315 541 462 629; x_wconf 74' lang='grc' dir='ltr'><strong><em>(Μοιρῶν)</em></strong></span> <span class='ocrx_word' id='word_1_3' title='bbox 495 547 524 608; x_wconf 84' lang='grc' dir='ltr'>τ’</span> <span class='ocrx_word' id='word_1_4' title='bbox 554 543 773 625; x_wconf 76' lang='grc' dir='ltr'><strong><em>α’χχεμοίχιιν.</em></strong></span> <span class='ocrx_word' id='word_1_5' title='bbox 821 543 884 609; x_wconf 79' lang='lat' dir='ltr'>Sed</span> <span class='ocrx_word' id='word_1_6' title='bbox 915 548 1012 608; x_wconf 74' lang='lat' dir='ltr'>restat</span> <span class='ocrx_word' id='word_1_7' title='bbox 1040 547 1075 608; x_wconf 92' lang='lat' dir='ltr'>in</span> <span class='ocrx_word' id='word_1_8' title='bbox 1110 545 1242 608; x_wconf 76' lang='lat' dir='ltr'>caeteris</span> <span class='ocrx_word' id='word_1_9' title='bbox 1274 537 1507 608; x_wconf 76' lang='lat' dir='ltr'>inextricabilis</span> 
     </span>
     <span class='ocr_line' id='line_1_3' title="bbox 314 648 1506 735; baseline -0.002 -23"><span class='ocrx_word' id='word_1_10' title='bbox 314 648 493 715; x_wconf 83' lang='lat' dir='ltr'>difficultas.</span> <span class='ocrx_word' id='word_1_11' title='bbox 539 650 726 735; x_wconf 87' lang='lat' dir='ltr'>Reponunt:</span> <span class='ocrx_word' id='word_1_12' title='bbox 751 651 782 714; x_wconf 86' lang='grc' dir='ltr'>ἕν</span> <span class='ocrx_word' id='word_1_13' title='bbox 806 651 848 730; x_wconf 77' lang='grc' dir='ltr'>τῷ</span> <span class='ocrx_word' id='word_1_14' title='bbox 872 650 1113 731; x_wconf 67' lang='grc' dir='ltr'><em>τρισκαιδεκάτῳ</em></span> <span class='ocrx_word' id='word_1_15' title='bbox 1136 652 1269 729; x_wconf 72' lang='grc' dir='ltr'><strong><em>χριίφειν</em></strong></span> <span class='ocrx_word' id='word_1_16' title='bbox 1290 650 1385 734; x_wconf 83' lang='lat' dir='ltr'>idque</span> <span class='ocrx_word' id='word_1_17' title='bbox 1405 651 1506 735; x_wconf 78' lang='lat' dir='ltr'>signi-</span> 
     </span>
     <span class='ocr_line' id='line_1_4' title="bbox 313 753 1507 841; baseline -0.003 -22"><span class='ocrx_word' id='word_1_18' title='bbox 313 753 405 820; x_wconf 83' lang='lat' dir='ltr'>ficare</span> <span class='ocrx_word' id='word_1_19' title='bbox 436 762 550 840; x_wconf 90' lang='lat' dir='ltr'>putant</span> <span class='ocrx_word' id='word_1_20' title='bbox 581 757 635 833; x_wconf 79' lang='lat' dir='ltr'>„ia</span> <span class='ocrx_word' id='word_1_21' title='bbox 666 758 741 819; x_wconf 81' lang='lat' dir='ltr'>libro</span> <span class='ocrx_word' id='word_1_22' title='bbox 772 755 877 820; x_wconf 87' lang='lat' dir='ltr'>Xlll.”</span> <span class='ocrx_word' id='word_1_23' title='bbox 924 755 986 820; x_wconf 79' lang='lat' dir='ltr'>Sed</span> <span class='ocrx_word' id='word_1_24' title='bbox 1016 760 1087 841; x_wconf 86' lang='lat' dir='ltr'>quie</span> <span class='ocrx_word' id='word_1_25' title='bbox 1119 755 1311 822; x_wconf 85' lang='lat' dir='ltr'>Graecorum</span> <span class='ocrx_word' id='word_1_26' title='bbox 1347 775 1507 839; x_wconf 84' lang='lat' dir='ltr'>umquam</span> 
     </span>
     <span class='ocr_line' id='line_1_5' title="bbox 314 859 1506 940; baseline 0 -17"><span class='ocrx_word' id='word_1_27' title='bbox 314 863 359 924; x_wconf 83' lang='lat' dir='ltr'>sio</span> <span class='ocrx_word' id='word_1_28' title='bbox 389 859 524 925; x_wconf 83' lang='lat' dir='ltr'>Homeri</span> <span class='ocrx_word' id='word_1_29' title='bbox 556 861 664 926; x_wconf 89' lang='lat' dir='ltr'>looum</span> <span class='ocrx_word' id='word_1_30' title='bbox 694 859 859 926; x_wconf 86' lang='lat' dir='ltr'>laudavit?</span> <span class='ocrx_word' id='word_1_31' title='bbox 906 859 985 940; x_wconf 82' lang='lat' dir='ltr'>Quis</span> <span class='ocrx_word' id='word_1_32' title='bbox 1014 883 1075 926; x_wconf 91' lang='lat' dir='ltr'>non</span> <span class='ocrx_word' id='word_1_33' title='bbox 1102 866 1213 927; x_wconf 83' lang='lat' dir='ltr'>atatim</span> <span class='ocrx_word' id='word_1_34' title='bbox 1235 861 1369 926; x_wconf 85' lang='lat' dir='ltr'><strong>Homeri</strong></span> <span class='ocrx_word' id='word_1_35' title='bbox 1393 879 1506 926; x_wconf 82' lang='lat' dir='ltr'>versus</span> 
     </span>
     <span class='ocr_line' id='line_1_6' title="bbox 315 965 1507 1053; baseline -0.003 -22"><span class='ocrx_word' id='word_1_36' title='bbox 315 967 504 1053; x_wconf 77' lang='lat' dir='ltr'>agnoscebat</span> <span class='ocrx_word' id='word_1_37' title='bbox 538 973 569 1032; x_wconf 89' lang='lat' dir='ltr'>et</span> <span class='ocrx_word' id='word_1_38' title='bbox 602 967 686 1032; x_wconf 85' lang='lat' dir='ltr'>unde</span> <span class='ocrx_word' id='word_1_39' title='bbox 717 969 817 1032; x_wconf 84' lang='lat' dir='ltr'>sumti</span> <span class='ocrx_word' id='word_1_40' title='bbox 849 971 951 1031; x_wconf 80' lang='lat' dir='ltr'>essent</span> <span class='ocrx_word' id='word_1_41' title='bbox 982 965 1222 1033; x_wconf 78' lang='lat' dir='ltr'>recordabatur?</span> <span class='ocrx_word' id='word_1_42' title='bbox 1251 968 1438 1053; x_wconf 81' lang='lat' dir='ltr'>praesertim</span> <span class='ocrx_word' id='word_1_43' title='bbox 1470 967 1507 1028; x_wconf 93' lang='lat' dir='ltr'>in</span> 
     </span>
     <span class='ocr_line' id='line_1_7' title="bbox 314 1071 670 1139; baseline 0.006 -3"><span class='ocrx_word' id='word_1_44' title='bbox 314 1071 384 1136; x_wconf 84' lang='lat' dir='ltr'>loeo</span> <span class='ocrx_word' id='word_1_45' title='bbox 407 1076 472 1137; x_wconf 88' lang='lat' dir='ltr'>tam</span> <span class='ocrx_word' id='word_1_46' title='bbox 497 1073 670 1139; x_wconf 82' lang='lat' dir='ltr'>celebrato:</span> 
     </span>
     <span class='ocr_line' id='line_1_8' title="bbox 633 1178 1180 1258; baseline -0.002 -16"><span class='ocrx_word' id='word_1_47' title='bbox 633 1179 729 1242; x_wconf 87' lang='grc' dir='ltr'><strong><em>πιίλιν</em></strong></span> <span class='ocrx_word' id='word_1_48' title='bbox 752 1178 861 1258; x_wconf 81' lang='grc' dir='ltr'><strong><em>τρέπεν</em></strong></span> <span class='ocrx_word' id='word_1_49' title='bbox 884 1178 954 1242; x_wconf 82' lang='grc' dir='ltr'><strong><em>ὅστε</em></strong></span> <span class='ocrx_word' id='word_1_50' title='bbox 974 1180 1090 1258; x_wconf 78' lang='grc' dir='ltr'><strong><em>φαεινώ</em></strong></span> <span class='ocrx_word' id='word_1_51' title='bbox 1115 1181 1180 1243; x_wconf 73' lang='lat' dir='ltr'>xri.</span> 
     </span>
     <span class='ocr_line' id='line_1_9' title="bbox 360 1282 1376 1372; baseline -0.001 -24"><span class='ocrx_word' id='word_1_52' title='bbox 360 1283 595 1369; x_wconf 83' lang='lat' dir='ltr'>Apponendum</span> <span class='ocrx_word' id='word_1_53' title='bbox 619 1287 722 1348; x_wconf 83' lang='lat' dir='ltr'>estin</span> <span class='ocrx_word' id='word_1_54' title='bbox 745 1287 908 1372; x_wconf 81' lang='lat' dir='ltr'>margine,</span> <span class='ocrx_word' id='word_1_55' title='bbox 933 1289 970 1348; x_wconf 93' lang='lat' dir='ltr'>ut</span> <span class='ocrx_word' id='word_1_56' title='bbox 993 1290 1116 1350; x_wconf 80' lang='lat' dir='ltr'>veteres</span> <span class='ocrx_word' id='word_1_57' title='bbox 1140 1283 1258 1362; x_wconf 82' lang='lat' dir='ltr'>solent,</span> <span class='ocrx_word' id='word_1_58' title='bbox 1283 1282 1376 1363; x_wconf 72' lang='grc' dir='ltr'><strong><em>ζήτει.</em></strong></span> 
     </span>
    </p>
   </div>
   <div class='ocr_carea' id='block_1_3' title="bbox 317 1491 1506 2427">
    <p class='ocr_par' dir='ltr' id='par_1_3' title="bbox 317 1491 1506 2109">
     <span class='ocr_line' id='line_1_10' title="bbox 360 1491 1506 1581; baseline 0.003 -25"><span class='ocrx_word' id='word_1_59' title='bbox 360 1492 441 1579; x_wconf 83' lang='lat' dir='ltr'>Pag.</span> <span class='ocrx_word' id='word_1_60' title='bbox 474 1492 551 1558; x_wconf 83' lang='grc'>296.</span> <span class='ocrx_word' id='word_1_61' title='bbox 598 1498 709 1560; x_wconf 79' lang='lat' dir='ltr'>Auctor</span> <span class='ocrx_word' id='word_1_62' title='bbox 740 1503 782 1559; x_wconf 80' lang='lat' dir='ltr'>eat</span> <span class='ocrx_word' id='word_1_63' title='bbox 812 1496 1007 1572; x_wconf 65' lang='lat' dir='ltr'>Potidaniae,</span> <span class='ocrx_word' id='word_1_64' title='bbox 1044 1498 1166 1581; x_wconf 82' lang='lat' dir='ltr'>inquit,</span> <span class='ocrx_word' id='word_1_65' title='bbox 1202 1496 1361 1559; x_wconf 74' lang='lat' dir='ltr'>Homerum</span> <span class='ocrx_word' id='word_1_66' title='bbox 1394 1491 1506 1572; x_wconf 80' lang='grc' dir='ltr'><strong><em>οίβίους</em></strong></span> 
     </span>
     <span class='ocr_line' id='line_1_11' title="bbox 317 1597 1505 1682; baseline -0.002 -19"><span class='ocrx_word' id='word_1_67' title='bbox 317 1601 550 1678; x_wconf 71' lang='grc' dir='ltr'><strong><em>προσαγορεύειν</em></strong></span> <span class='ocrx_word' id='word_1_68' title='bbox 570 1601 694 1677; x_wconf 80' lang='grc' dir='ltr'><strong><em>μοίλιςα</em></strong></span> <span class='ocrx_word' id='word_1_69' title='bbox 718 1597 763 1664; x_wconf 74' lang='grc' dir='ltr'>ὅτι</span> <span class='ocrx_word' id='word_1_70' title='bbox 786 1601 879 1682; x_wconf 80' lang='grc' dir='ltr'><strong><em>χωρίς</em></strong></span> <span class='ocrx_word' id='word_1_71' title='bbox 904 1607 1055 1679; x_wconf 70' lang='grc' dir='ltr'><strong><em>γυναικῶν</em></strong></span> <span class='ocrx_word' id='word_1_72' title='bbox 1079 1603 1247 1678; x_wconf 73' lang='grc' dir='ltr'><strong><em>ἡγούμενον</em></strong></span> <span class='ocrx_word' id='word_1_73' title='bbox 1275 1603 1407 1677; x_wconf 74' lang='grc' dir='ltr'><strong><em>ἡμιτελῆ</em></strong></span> <span class='ocrx_word' id='word_1_74' title='bbox 1432 1599 1505 1662; x_wconf 74' lang='grc' dir='ltr'><strong><em>τινα</em></strong></span> 
     </span>
     <span class='ocr_line' id='line_1_12' title="bbox 318 1702 1504 1792; baseline 0 -24"><span class='ocrx_word' id='word_1_75' title='bbox 318 1705 386 1780; x_wconf 86' lang='grc' dir='ltr'><strong><em>βίον</em></strong></span> <span class='ocrx_word' id='word_1_76' title='bbox 410 1705 462 1769; x_wconf 82' lang='grc' dir='ltr'>τὸν</span> <span class='ocrx_word' id='word_1_77' title='bbox 484 1716 586 1786; x_wconf 71' lang='grc' dir='ltr'><strong><em>χῆρον.</em></strong></span> <span class='ocrx_word' id='word_1_78' title='bbox 634 1707 750 1772; x_wconf 81' lang='lat' dir='ltr'>Manca</span> <span class='ocrx_word' id='word_1_79' title='bbox 775 1715 807 1772; x_wconf 86' lang='lat' dir='ltr'>et</span> <span class='ocrx_word' id='word_1_80' title='bbox 826 1709 1012 1792; x_wconf 80' lang='lat' dir='ltr'>imperfecta</span> <span class='ocrx_word' id='word_1_81' title='bbox 1031 1710 1131 1773; x_wconf 84' lang='lat' dir='ltr'>oratio</span> <span class='ocrx_word' id='word_1_82' title='bbox 1150 1712 1198 1772; x_wconf 83' lang='lat' dir='ltr'>eet</span> <span class='ocrx_word' id='word_1_83' title='bbox 1216 1702 1262 1771; x_wconf 80' lang='grc' dir='ltr'>ίτι</span> <span class='ocrx_word' id='word_1_84' title='bbox 1281 1706 1375 1785; x_wconf 78' lang='grc' dir='ltr'><strong><em>χωρίς</em></strong></span> <span class='ocrx_word' id='word_1_85' title='bbox 1396 1730 1504 1783; x_wconf 73' lang='grc' dir='ltr'><strong><em>γυναι-</em></strong></span> 
     </span>
     <span class='ocr_line' id='line_1_13' title="bbox 319 1813 1505 1901; baseline -0.001 -26"><span class='ocrx_word' id='word_1_86' title='bbox 319 1817 396 1888; x_wconf 84' lang='grc' dir='ltr'><strong><em>κῶν,</em></strong></span> <span class='ocrx_word' id='word_1_87' title='bbox 429 1817 461 1876; x_wconf 92' lang='lat' dir='ltr'>et</span> <span class='ocrx_word' id='word_1_88' title='bbox 491 1818 528 1876; x_wconf 90' lang='lat' dir='ltr'>ut</span> <span class='ocrx_word' id='word_1_89' title='bbox 559 1813 760 1901; x_wconf 80' lang='lat' dir='ltr'>intelligatur</span> <span class='ocrx_word' id='word_1_90' title='bbox 783 1813 862 1879; x_wconf 88' lang='lat' dir='ltr'>adde</span> <span class='ocrx_word' id='word_1_91' title='bbox 895 1813 1020 1894; x_wconf 83' lang='grc' dir='ltr'><strong><em>ζῶσιν.</em></strong></span> <span class='ocrx_word' id='word_1_92' title='bbox 1068 1813 1205 1878; x_wconf 86' lang='lat' dir='ltr'>Mirifioa</span> <span class='ocrx_word' id='word_1_93' title='bbox 1227 1819 1336 1878; x_wconf 84' lang='lat' dir='ltr'>autem</span> <span class='ocrx_word' id='word_1_94' title='bbox 1357 1813 1435 1877; x_wconf 86' lang='lat' dir='ltr'>haee</span> <span class='ocrx_word' id='word_1_95' title='bbox 1458 1817 1505 1876; x_wconf 87' lang='lat' dir='ltr'>est</span> 
     </span>
     <span class='ocr_line' id='line_1_14' title="bbox 317 1917 1505 2007; baseline -0.001 -25"><span class='ocrx_word' id='word_1_96' title='bbox 317 1920 535 2002; x_wconf 76' lang='lat' dir='ltr'>interpretatio</span> <span class='ocrx_word' id='word_1_97' title='bbox 567 1923 600 1983; x_wconf 91' lang='lat' dir='ltr'>et</span> <span class='ocrx_word' id='word_1_98' title='bbox 629 1919 770 1983; x_wconf 88' lang='lat' dir='ltr'>eiusdem</span> <span class='ocrx_word' id='word_1_99' title='bbox 802 1920 865 1985; x_wconf 85' lang='lat' dir='ltr'>fere</span> <span class='ocrx_word' id='word_1_100' title='bbox 891 1923 987 2004; x_wconf 88' lang='lat' dir='ltr'>pretii</span> <span class='ocrx_word' id='word_1_101' title='bbox 1010 1925 1104 2004; x_wconf 90' lang='lat' dir='ltr'>atque</span> <span class='ocrx_word' id='word_1_102' title='bbox 1128 1919 1325 2007; x_wconf 77' lang='lat' dir='ltr'>etymologia</span> <span class='ocrx_word' id='word_1_103' title='bbox 1346 1939 1421 1984; x_wconf 83' lang='lat' dir='ltr'>vere</span> <span class='ocrx_word' id='word_1_104' title='bbox 1443 1917 1505 1982; x_wconf 80' lang='lat' dir='ltr'>Ro</span> 
     </span>
     <span class='ocr_line' id='line_1_15' title="bbox 317 2023 1027 2109; baseline 0.006 -22"><span class='ocrx_word' id='word_1_105' title='bbox 317 2044 412 2088; x_wconf 89' lang='lat' dir='ltr'>mana</span> <span class='ocrx_word' id='word_1_106' title='bbox 437 2041 607 2106; x_wconf 75' lang='lat' dir='ltr'>„oenomao</span> <span class='ocrx_word' id='word_1_107' title='bbox 630 2026 716 2109; x_wconf 70' lang='lat' dir='ltr'>quasi</span> <span class='ocrx_word' id='word_1_108' title='bbox 739 2025 822 2088; x_wconf 77' lang='lat' dir='ltr'>dieas</span> <span class='ocrx_word' id='word_1_109' title='bbox 844 2023 1027 2092; x_wconf 82' lang='lat' dir='ltr'>oonmrna.”</span> 
     </span>
    </p>

    <p class='ocr_par' dir='ltr' id='par_1_4' title="bbox 319 2129 1506 2427">
     <span class='ocr_line' id='line_1_16' title="bbox 363 2129 1505 2214; baseline 0 -21"><span class='ocrx_word' id='word_1_110' title='bbox 363 2129 441 2194; x_wconf 82' lang='lat' dir='ltr'>Post</span> <span class='ocrx_word' id='word_1_111' title='bbox 471 2150 572 2214; x_wconf 85' lang='lat' dir='ltr'>pauca</span> <span class='ocrx_word' id='word_1_112' title='bbox 596 2131 817 2195; x_wconf 83' lang='lat' dir='ltr'>scribendum:</span> <span class='ocrx_word' id='word_1_113' title='bbox 842 2131 911 2202; x_wconf 83' lang='grc' dir='ltr'><strong><em>τοὺς</em></strong></span> <span class='ocrx_word' id='word_1_114' title='bbox 937 2130 1045 2208; x_wconf 82' lang='grc' dir='ltr'><strong><em>οίβίονς</em></strong></span> <span class='ocrx_word' id='word_1_115' title='bbox 1071 2140 1127 2194; x_wconf 77' lang='grc' dir='ltr'>ΟΥ</span> <span class='ocrx_word' id='word_1_116' title='bbox 1153 2129 1223 2202; x_wconf 78' lang='grc' dir='ltr'>τοὺς</span> <span class='ocrx_word' id='word_1_117' title='bbox 1246 2132 1357 2210; x_wconf 76' lang='grc' dir='ltr'><strong><em>χοίρους</em></strong></span> <span class='ocrx_word' id='word_1_118' title='bbox 1381 2135 1505 2206; x_wconf 77' lang='grc' dir='ltr'><strong><em>μᾶλλον</em></strong></span> 
     </span>
     <span class='ocr_line' id='line_1_17' title="bbox 319 2233 1504 2312; baseline 0.003 -15"><span class='ocrx_word' id='word_1_119' title='bbox 319 2234 336 2310; x_wconf 78' lang='grc' dir='ltr'><strong><em>ἦ</em></strong></span> <span class='ocrx_word' id='word_1_120' title='bbox 369 2235 437 2306; x_wconf 85' lang='grc' dir='ltr'><strong><em>τοὺς</em></strong></span> <span class='ocrx_word' id='word_1_121' title='bbox 471 2235 606 2305; x_wconf 77' lang='grc' dir='ltr'><strong><em>οὶνεςίοιις</em></strong></span> <span class='ocrx_word' id='word_1_122' title='bbox 639 2273 680 2284; x_wconf 80' lang='lat'><em>-</em></span> <span class='ocrx_word' id='word_1_123' title='bbox 713 2235 830 2312; x_wconf 77' lang='grc' dir='ltr'><strong><em>δέξαιτ’</em></strong></span> <span class='ocrx_word' id='word_1_124' title='bbox 864 2235 901 2300; x_wconf 72' lang='grc' dir='ltr'>ἄν</span> <span class='ocrx_word' id='word_1_125' title='bbox 931 2261 989 2308; x_wconf 78' lang='grc' dir='ltr'><strong><em>τις.</em></strong></span> <span class='ocrx_word' id='word_1_126' title='bbox 1037 2237 1257 2302; x_wconf 73' lang='lat' dir='ltr'>Necessarium</span> <span class='ocrx_word' id='word_1_127' title='bbox 1289 2238 1320 2300; x_wconf 84' lang='grc' dir='ltr'>οὐ</span> <span class='ocrx_word' id='word_1_128' title='bbox 1348 2233 1504 2302; x_wconf 74' lang='lat' dir='ltr'>moodd.</span> 
     </span>
     <span class='ocr_line' id='line_1_18' title="bbox 319 2340 1506 2427; baseline 0.003 -22"><span class='ocrx_word' id='word_1_129' title='bbox 319 2343 473 2406; x_wconf 79' lang='lat' dir='ltr'>omissum</span> <span class='ocrx_word' id='word_1_130' title='bbox 497 2344 641 2406; x_wconf 82' lang='lat' dir='ltr'>inserunt</span> <span class='ocrx_word' id='word_1_131' title='bbox 663 2348 735 2427; x_wconf 80' lang='lat' dir='ltr'>pout</span> <span class='ocrx_word' id='word_1_132' title='bbox 757 2343 868 2422; x_wconf 77' lang='grc' dir='ltr'><strong><em>χήραις</em></strong></span> <span class='ocrx_word' id='word_1_133' title='bbox 893 2351 1000 2408; x_wconf 86' lang='lat' dir='ltr'>oontra</span> <span class='ocrx_word' id='word_1_134' title='bbox 1020 2340 1214 2409; x_wconf 82' lang='lat' dir='ltr'>Graecorum</span> <span class='ocrx_word' id='word_1_135' title='bbox 1233 2343 1506 2409; x_wconf 78' lang='lat' dir='ltr'>consuetudinem.</span> 
     </span>
    </p>
   </div>
   <div class='ocr_carea' id='block_1_4' title="bbox 317 2547 1508 3476">
    <p class='ocr_par' dir='ltr' id='par_1_5' title="bbox 317 2547 1508 3476">
     <span class='ocr_line' id='line_1_19' title="bbox 364 2547 1507 2636; baseline 0.001 -22"><span class='ocrx_word' id='word_1_136' title='bbox 364 2547 443 2636; x_wconf 82' lang='lat' dir='ltr'>Pag.</span> <span class='ocrx_word' id='word_1_137' title='bbox 470 2547 544 2612; x_wconf 84' lang='lat'>301.</span> <span class='ocrx_word' id='word_1_138' title='bbox 570 2549 583 2612; x_wconf 83' lang='grc' dir='ltr'><strong><em>ί</em></strong></span> <span class='ocrx_word' id='word_1_139' title='bbox 604 2549 794 2630; x_wconf 85' lang='grc' dir='ltr'><strong><em>Ἀνιίχαροις</em></strong></span> <span class='ocrx_word' id='word_1_140' title='bbox 815 2551 865 2614; x_wconf 82' lang='grc' dir='ltr'>καί</span> <span class='ocrx_word' id='word_1_141' title='bbox 883 2550 1020 2630; x_wconf 76' lang='grc' dir='ltr'><strong><em>’Ἃβαρις</em></strong></span> <span class='ocrx_word' id='word_1_142' title='bbox 1041 2589 1082 2599; x_wconf 93' lang='grc'>-</span> <span class='ocrx_word' id='word_1_143' title='bbox 1103 2551 1212 2624; x_wconf 82' lang='grc' dir='ltr'><strong><em>ἐίνικίν</em></strong></span> <span class='ocrx_word' id='word_1_144' title='bbox 1231 2574 1298 2615; x_wconf 88' lang='grc' dir='ltr'><strong><em>τινα</em></strong></span> <span class='ocrx_word' id='word_1_145' title='bbox 1317 2561 1507 2632; x_wconf 69' lang='grc' dir='ltr'><strong><em>χαρακτῆρα</em></strong></span> 
     </span>
     <span class='ocr_line' id='line_1_20' title="bbox 320 2655 1506 2736; baseline 0.004 -17"><span class='ocrx_word' id='word_1_146' title='bbox 320 2655 512 2736; x_wconf 76' lang='grc' dir='ltr'><strong><em>ἘΠὲφαινον</em></strong></span> <span class='ocrx_word' id='word_1_147' title='bbox 552 2657 693 2726; x_wconf 76' lang='grc' dir='ltr'>εὐκολίας</span> <span class='ocrx_word' id='word_1_148' title='bbox 734 2657 785 2720; x_wconf 79' lang='grc' dir='ltr'>καί</span> <span class='ocrx_word' id='word_1_149' title='bbox 822 2657 981 2732; x_wconf 76' lang='grc' dir='ltr'><strong><em>λιτότητος</em></strong></span> <span class='ocrx_word' id='word_1_150' title='bbox 1017 2657 1070 2720; x_wconf 81' lang='grc' dir='ltr'>καί</span> <span class='ocrx_word' id='word_1_151' title='bbox 1107 2656 1304 2731; x_wconf 66' lang='grc' dir='ltr'><strong><em>δικαιοσύνης.</em></strong></span> <span class='ocrx_word' id='word_1_152' title='bbox 1364 2656 1506 2724; x_wconf 82' lang='lat' dir='ltr'>Verbum</span> 
     </span>
     <span class='ocr_line' id='line_1_21' title="bbox 320 2761 1506 2848; baseline 0.003 -24"><span class='ocrx_word' id='word_1_153' title='bbox 320 2761 493 2838; x_wconf 73' lang='grc' dir='ltr'><strong><em>ἐπιφαίνειν</em></strong></span> <span class='ocrx_word' id='word_1_154' title='bbox 524 2781 586 2826; x_wconf 90' lang='lat' dir='ltr'>non</span> <span class='ocrx_word' id='word_1_155' title='bbox 615 2767 662 2827; x_wconf 81' lang='lat' dir='ltr'>est</span> <span class='ocrx_word' id='word_1_156' title='bbox 684 2762 781 2827; x_wconf 79' lang='lat' dir='ltr'>huius</span> <span class='ocrx_word' id='word_1_157' title='bbox 803 2763 882 2828; x_wconf 88' lang='lat' dir='ltr'>looi:</span> <span class='ocrx_word' id='word_1_158' title='bbox 908 2764 1016 2828; x_wconf 83' lang='lat' dir='ltr'>oedem</span> <span class='ocrx_word' id='word_1_159' title='bbox 1038 2763 1134 2830; x_wconf 87' lang='lat' dir='ltr'>habet</span> <span class='ocrx_word' id='word_1_160' title='bbox 1156 2765 1191 2826; x_wconf 92' lang='lat' dir='ltr'>in</span> <span class='ocrx_word' id='word_1_161' title='bbox 1207 2764 1383 2848; x_wconf 77' lang='lat' dir='ltr'>probatione</span> <span class='ocrx_word' id='word_1_162' title='bbox 1407 2769 1439 2828; x_wconf 86' lang='lat' dir='ltr'>et</span> <span class='ocrx_word' id='word_1_163' title='bbox 1457 2766 1506 2828; x_wconf 71' lang='lat' dir='ltr'>da</span> 
     </span>
     <span class='ocr_line' id='line_1_22' title="bbox 317 2867 1507 2956; baseline 0.003 -26"><span class='ocrx_word' id='word_1_164' title='bbox 317 2867 536 2956; x_wconf 65' lang='lat' dir='ltr'>monstratione.</span> <span class='ocrx_word' id='word_1_165' title='bbox 583 2868 663 2932; x_wconf 83' lang='lat' dir='ltr'>Prae</span> <span class='ocrx_word' id='word_1_166' title='bbox 695 2891 726 2932; x_wconf 81' lang='grc' dir='ltr'>ια</span> <span class='ocrx_word' id='word_1_167' title='bbox 752 2870 844 2953; x_wconf 80' lang='lat' dir='ltr'>serre</span> <span class='ocrx_word' id='word_1_168' title='bbox 878 2869 989 2947; x_wconf 85' lang='lat' dir='ltr'>vultu,</span> <span class='ocrx_word' id='word_1_169' title='bbox 1025 2870 1153 2945; x_wconf 85' lang='lat' dir='ltr'>habitu,</span> <span class='ocrx_word' id='word_1_170' title='bbox 1189 2871 1330 2946; x_wconf 81' lang='lat' dir='ltr'>incessu,</span> <span class='ocrx_word' id='word_1_171' title='bbox 1367 2871 1507 2934; x_wconf 79' lang='lat' dir='ltr'>oratione</span> 
     </span>
     <span class='ocr_line' id='line_1_23' title="bbox 319 2972 1507 3062; baseline 0.003 -25"><span class='ocrx_word' id='word_1_172' title='bbox 319 2973 435 3037; x_wconf 86' lang='lat' dir='ltr'>dieitur</span> <span class='ocrx_word' id='word_1_173' title='bbox 458 2972 680 3058; x_wconf 58' lang='lat' dir='ltr'>&#39;GMQaelvsra</span> <span class='ocrx_word' id='word_1_174' title='bbox 713 2973 792 3062; x_wconf 82' lang='lat' dir='ltr'>Pag.</span> <span class='ocrx_word' id='word_1_175' title='bbox 818 2973 893 3040; x_wconf 80' lang='grc'><strong><em>628.</em></strong></span> <span class='ocrx_word' id='word_1_176' title='bbox 917 2980 970 3040; x_wconf 84' lang='grc' dir='ltr'>τοῦ</span> <span class='ocrx_word' id='word_1_177' title='bbox 995 2975 1026 3039; x_wconf 76' lang='grc' dir='ltr'>δὲ</span> <span class='ocrx_word' id='word_1_178' title='bbox 1050 2974 1188 3053; x_wconf 78' lang='grc' dir='ltr'><strong><em>νεωτέρου</em></strong></span> <span class='ocrx_word' id='word_1_179' title='bbox 1209 2975 1365 3058; x_wconf 86' lang='lat' dir='ltr'>(Diodori)</span> <span class='ocrx_word' id='word_1_180' title='bbox 1389 2976 1507 3054; x_wconf 77' lang='grc' dir='ltr'><strong><em>ίςοριιιίι</em></strong></span> 
     </span>
     <span class='ocr_line' id='line_1_24' title="bbox 320 3077 1505 3160; baseline 0.001 -17"><span class='ocrx_word' id='word_1_181' title='bbox 320 3077 563 3157; x_wconf 66' lang='grc' dir='ltr'><strong><em>συγγράμματα</em></strong></span> <span class='ocrx_word' id='word_1_182' title='bbox 589 3079 632 3146; x_wconf 80' lang='grc' dir='ltr'>ε’ςι</span> <span class='ocrx_word' id='word_1_183' title='bbox 658 3117 699 3126; x_wconf 92' lang='lat'>-</span> <span class='ocrx_word' id='word_1_184' title='bbox 722 3084 776 3154; x_wconf 69' lang='grc' dir='ltr'>τὴν</span> <span class='ocrx_word' id='word_1_185' title='bbox 800 3082 938 3160; x_wconf 72' lang='grc' dir='ltr'><strong><em>ἀρχαίαν</em></strong></span> <span class='ocrx_word' id='word_1_186' title='bbox 962 3086 1088 3160; x_wconf 72' lang='grc' dir='ltr'><strong><em>γραφὴν</em></strong></span> <span class='ocrx_word' id='word_1_187' title='bbox 1112 3083 1348 3160; x_wconf 83' lang='grc' dir='ltr'><strong><em>ἘΠΙΦαίνοντα</em></strong></span> <span class='ocrx_word' id='word_1_188' title='bbox 1376 3083 1505 3154; x_wconf 80' lang='grc' dir='ltr'><strong><em>ἱκανῶς,</em></strong></span> 
     </span>
     <span class='ocr_line' id='line_1_25' title="bbox 319 3185 1508 3270; baseline 0.002 -22"><span class='ocrx_word' id='word_1_189' title='bbox 319 3189 402 3249; x_wconf 84' lang='lat' dir='ltr'>recte</span> <span class='ocrx_word' id='word_1_190' title='bbox 426 3185 561 3248; x_wconf 82' lang='lat' dir='ltr'>correxit</span> <span class='ocrx_word' id='word_1_191' title='bbox 583 3187 687 3250; x_wconf 83' lang='lat' dir='ltr'>nescio</span> <span class='ocrx_word' id='word_1_192' title='bbox 710 3189 781 3270; x_wconf 86' lang='lat' dir='ltr'>quis</span> <span class='ocrx_word' id='word_1_193' title='bbox 803 3189 837 3250; x_wconf 88' lang='lat' dir='ltr'>in</span> <span class='ocrx_word' id='word_1_194' title='bbox 860 3187 977 3252; x_wconf 86' lang='lat' dir='ltr'>Aldina</span> <span class='ocrx_word' id='word_1_195' title='bbox 1001 3188 1204 3268; x_wconf 80' lang='grc' dir='ltr'><strong><em>ἐμφαίνοντα.</em></strong></span> <span class='ocrx_word' id='word_1_196' title='bbox 1251 3187 1453 3252; x_wconf 77' lang='lat' dir='ltr'>Aristarchus</span> <span class='ocrx_word' id='word_1_197' title='bbox 1474 3190 1508 3250; x_wconf 91' lang='lat' dir='ltr'>in</span> 
     </span>
     <span class='ocr_line' id='line_1_26' title="bbox 319 3287 1508 3376; baseline 0.001 -22"><span class='ocrx_word' id='word_1_198' title='bbox 319 3288 425 3356; x_wconf 78' lang='lat' dir='ltr'>Sohol.</span> <span class='ocrx_word' id='word_1_199' title='bbox 456 3289 496 3353; x_wconf 84' lang='lat' dir='ltr'>ad</span> <span class='ocrx_word' id='word_1_200' title='bbox 519 3287 632 3376; x_wconf 80' lang='lat' dir='ltr'><strong>Odyss.</strong></span> <span class='ocrx_word' id='word_1_201' title='bbox 655 3315 689 3368; x_wconf 75' lang='grc' dir='ltr'>γ.</span> <span class='ocrx_word' id='word_1_202' title='bbox 714 3291 766 3356; x_wconf 82' lang='grc'>71.</span> <span class='ocrx_word' id='word_1_203' title='bbox 792 3292 944 3373; x_wconf 72' lang='grc' dir='ltr'><strong><em>οὐδὲγὰρ</em></strong></span> <span class='ocrx_word' id='word_1_204' title='bbox 969 3298 1019 3358; x_wconf 83' lang='grc' dir='ltr'>νῦν</span> <span class='ocrx_word' id='word_1_205' title='bbox 1043 3295 1068 3358; x_wconf 91' lang='grc' dir='ltr'>οί</span> <span class='ocrx_word' id='word_1_206' title='bbox 1093 3293 1160 3372; x_wconf 81' lang='grc' dir='ltr'><strong><em>περί</em></strong></span> <span class='ocrx_word' id='word_1_207' title='bbox 1184 3293 1379 3374; x_wconf 78' lang='grc' dir='ltr'><strong><em>Τηλέμαχον</em></strong></span> <span class='ocrx_word' id='word_1_208' title='bbox 1404 3308 1508 3375; x_wconf 64' lang='lat' dir='ltr'>tropa·</span> 
     </span>
     <span class='ocr_line' id='line_1_27' title="bbox 320 3395 658 3476; baseline 0 -15"><span class='ocrx_word' id='word_1_209' title='bbox 320 3395 370 3462; x_wconf 83' lang='grc' dir='ltr'>κίν</span> <span class='ocrx_word' id='word_1_210' title='bbox 393 3420 423 3460; x_wconf 85' lang='grc' dir='ltr'>τι</span> <span class='ocrx_word' id='word_1_211' title='bbox 447 3396 658 3476; x_wconf 74' lang='grc' dir='ltr'><strong><em>ἐμφαίνουσιν.</em></strong></span> 
     </span>
    </p>
   </div>
   <div class='ocr_carea' id='block_1_5' title="bbox 322 3602 1559 4017">
    <p class='ocr_par' dir='ltr' id='par_1_6' title="bbox 367 3602 549 3675">
     <span class='ocr_line' id='line_1_28' title="bbox 367 3602 549 3675; baseline 0.005 -2"><span class='ocrx_word' id='word_1_212' title='bbox 367 3607 394 3673; x_wconf 95' lang='grc' dir='ltr'>Ρ</span> <span class='ocrx_word' id='word_1_213' title='bbox 439 3602 549 3675; x_wconf 64' lang='lat'>,302</span> 
     </span>
    </p>

    <p class='ocr_par' dir='ltr' id='par_1_7' title="bbox 396 3629 1326 3797">
     <span class='ocr_line' id='line_1_29' title="bbox 396 3629 1326 3797; baseline -0.001 -16"><span class='ocrx_word' id='word_1_214' title='bbox 396 3629 438 3698; x_wconf 46' lang='grc' dir='ltr'>ἃς</span> <span class='ocrx_word' id='word_1_215' title='bbox 457 3714 697 3796; x_wconf 74' lang='grc' dir='ltr'><strong><em>Γλακτοφοίχων</em></strong></span> <span class='ocrx_word' id='word_1_216' title='bbox 720 3713 762 3788; x_wconf 83' lang='grc' dir='ltr'>είς</span> <span class='ocrx_word' id='word_1_217' title='bbox 787 3723 885 3792; x_wconf 72' lang='grc' dir='ltr'><strong><em>γαῖαν</em></strong></span> <span class='ocrx_word' id='word_1_218' title='bbox 907 3717 1062 3792; x_wconf 75' lang='grc' dir='ltr'><strong><em>ιὶπιίνΛΙΕ</em></strong></span> <span class='ocrx_word' id='word_1_219' title='bbox 1086 3717 1159 3784; x_wconf 78' lang='grc' dir='ltr'><strong><em>οἰκί’</em></strong></span> <span class='ocrx_word' id='word_1_220' title='bbox 1184 3715 1326 3797; x_wconf 81' lang='grc' dir='ltr'><strong><em>ἕχίντιιν.</em></strong></span> 
     </span>
    </p>

    <p class='ocr_par' dir='ltr' id='par_1_8' title="bbox 322 3822 1559 4017">
     <span class='ocr_line' id='line_1_30' title="bbox 367 3822 1559 3909; baseline -0.005 -19"><span class='ocrx_word' id='word_1_221' title='bbox 367 3822 659 3908; x_wconf 86' lang='lat' dir='ltr'>Obtamperandum</span> <span class='ocrx_word' id='word_1_222' title='bbox 692 3822 830 3888; x_wconf 86' lang='lat' dir='ltr'>Porsono</span> <span class='ocrx_word' id='word_1_223' title='bbox 861 3828 926 3901; x_wconf 85' lang='lat' dir='ltr'>eat,</span> <span class='ocrx_word' id='word_1_224' title='bbox 959 3826 1014 3909; x_wconf 89' lang='lat' dir='ltr'>qui</span> <span class='ocrx_word' id='word_1_225' title='bbox 1045 3824 1193 3898; x_wconf 72' lang='grc' dir='ltr'><strong><em>ιὶπήνλο</em></strong></span> <span class='ocrx_word' id='word_1_226' title='bbox 1218 3823 1314 3888; x_wconf 86' lang='lat' dir='ltr'>aoribi</span> <span class='ocrx_word' id='word_1_227' title='bbox 1347 3824 1441 3886; x_wconf 74' lang='lat' dir='ltr'>iussit</span> <span class='ocrx_word' id='word_1_228' title='bbox 1475 3823 1510 3884; x_wconf 88' lang='lat' dir='ltr'>ln</span> <span class='ocrx_word' id='word_1_229' title='bbox 1551 3887 1559 3900; x_wconf 60' lang='grc'><strong>,</strong></span> 
     </span>
     <span class='ocr_line' id='line_1_31' title="bbox 322 3926 647 4017; baseline -0.022 -20"><span class='ocrx_word' id='word_1_230' title='bbox 322 3932 446 3997; x_wconf 77' lang='grc' dir='ltr'><strong><em>Αιίιιονι.</em></strong></span> <span class='ocrx_word' id='word_1_231' title='bbox 471 3949 545 4017; x_wconf 81' lang='lat' dir='ltr'>pag.</span> <span class='ocrx_word' id='word_1_232' title='bbox 571 3926 647 3991; x_wconf 89' lang='lat'>316.</span> 
     </span>
    </p>
   </div>
   <div class='ocr_carea' id='block_1_6' title="bbox 367 4134 1348 4576">
    <p class='ocr_par' dir='ltr' id='par_1_9' title="bbox 367 4134 1348 4576">
     <span class='ocr_line' id='line_1_32' title="bbox 367 4134 1083 4225; baseline -0.004 -21"><span class='ocrx_word' id='word_1_233' title='bbox 367 4141 447 4225; x_wconf 77' lang='lat' dir='ltr'>Pag.</span> <span class='ocrx_word' id='word_1_234' title='bbox 474 4134 550 4201; x_wconf 76' lang='lat'><strong>302.</strong></span> <span class='ocrx_word' id='word_1_235' title='bbox 574 4157 674 4222; x_wconf 90' lang='lat' dir='ltr'>quum</span> <span class='ocrx_word' id='word_1_236' title='bbox 700 4143 780 4202; x_wconf 76' lang='lat' dir='ltr'>esset</span> <span class='ocrx_word' id='word_1_237' title='bbox 804 4139 836 4200; x_wconf 93' lang='lat' dir='ltr'>in</span> <span class='ocrx_word' id='word_1_238' title='bbox 859 4143 965 4205; x_wconf 86' lang='lat' dir='ltr'>vetere</span> <span class='ocrx_word' id='word_1_239' title='bbox 988 4137 1083 4204; x_wconf 89' lang='lat' dir='ltr'>libro:</span> 
     </span>
     <span class='ocr_line' id='line_1_33' title="bbox 724 4242 1021 4325; baseline 0.027 -19"><span class='ocrx_word' id='word_1_240' title='bbox 724 4243 738 4306; x_wconf 81' lang='grc' dir='ltr'><strong><em>ὁ</em></strong></span> <span class='ocrx_word' id='word_1_241' title='bbox 763 4242 793 4308; x_wconf 70' lang='grc' dir='ltr'>δὲ</span> <span class='ocrx_word' id='word_1_242' title='bbox 818 4245 1021 4325; x_wconf 76' lang='grc' dir='ltr'><strong><em>δρομιχαίτκο</em></strong></span> 
     </span>
     <span class='ocr_line' id='line_1_34' title="bbox 596 4348 1348 4432; baseline -0.003 -18"><span class='ocrx_word' id='word_1_243' title='bbox 596 4349 681 4414; x_wconf 74' lang='grc' dir='ltr'><strong><em>κατὰ</em></strong></span> <span class='ocrx_word' id='word_1_244' title='bbox 706 4349 775 4420; x_wconf 79' lang='grc' dir='ltr'><strong><em>τοὺς</em></strong></span> <span class='ocrx_word' id='word_1_245' title='bbox 800 4348 1018 4432; x_wconf 77' lang='grc' dir='ltr'><strong><em>διαδίχονς.ἦν</em></strong></span> <span class='ocrx_word' id='word_1_246' title='bbox 1065 4363 1122 4420; x_wconf 73' lang='grc' dir='ltr'><strong><em>ποορ</em></strong></span> <span class='ocrx_word' id='word_1_247' title='bbox 1142 4357 1299 4426; x_wconf 56' lang='lat' dir='ltr'>buttem·</span> <span class='ocrx_word' id='word_1_248' title='bbox 1345 4413 1348 4416; x_wconf 82' lang='grc'><strong>,</strong></span> 
     </span>
     <span class='ocr_line' id='line_1_35' title="bbox 594 4439 1348 4576; baseline 0.001 -58"><span class='ocrx_word' id='word_1_249' title='bbox 594 4460 693 4532; x_wconf 74' lang='grc' dir='ltr'><strong><em>χετῶν</em></strong></span> <span class='ocrx_word' id='word_1_250' title='bbox 717 4453 882 4576; x_wconf 51' lang='grc' dir='ltr'><strong><em>βασιλὶιίς.</em></strong></span> <span class='ocrx_word' id='word_1_251' title='bbox 1344 4439 1348 4448; x_wconf 54' lang='grc'><strong>’</strong></span> 
     </span>
    </p>
   </div>
   <div class='ocr_carea' id='block_1_7' title="bbox 0 0 1657 5090">
    <p class='ocr_par' dir='ltr' id='par_1_10' title="bbox 0 0 1657 5090">
     <span class='ocr_line' id='line_1_36' title="bbox 0 0 1657 5090; baseline 0 0"><span class='ocrx_word' id='word_1_252' title='bbox 0 0 1657 5090; x_wconf 95' lang='lat' dir='ltr'> </span> 
     </span>
    </p>
   </div>
  </div>
 </body>
</html>
