<?xml version="1.0" encoding="UTF-8"?>
<!DOCTYPE html PUBLIC "-//W3C//DTD XHTML 1.0 Transitional//EN"
    "http://www.w3.org/TR/xhtml1/DTD/xhtml1-transitional.dtd">
<html xmlns="http://www.w3.org/1999/xhtml" xml:lang="en" lang="en">
 <head>
  <title>
</title>
<meta http-equiv="Content-Type" content="text/html;charset=utf-8" />
  <meta name='ocr-system' content='tesseract 3.04.00' />
  <meta name='ocr-capabilities' content='ocr_page ocr_carea ocr_par ocr_line ocrx_word'/>
</head>
<body>
  <div class='ocr_page' id='page_1' title='image "./miscellaneacrit00cobegoog_0152.png"; bbox 0 0 3308 5090; ppageno 0'>
   <div class='ocr_carea' id='block_1_1' title="bbox 713 361 771 430">
    <p class='ocr_par' dir='ltr' id='par_1_1' title="bbox 713 361 771 430">
     <span class='ocr_line' id='line_1_1' title="bbox 713 361 771 430; baseline 0.017 -1"><span class='ocrx_word' id='word_1_1' title='bbox 713 361 771 430; x_wconf 83' lang='lat'><strong>131</strong></span> 
     </span>
    </p>
   </div>
   <div class='ocr_carea' id='block_1_2' title="bbox 145 551 1339 1594">
    <p class='ocr_par' dir='ltr' id='par_1_2' title="bbox 145 551 1339 1594">
     <span class='ocr_line' id='line_1_2' title="bbox 190 551 1338 641; baseline 0.002 -24"><span class='ocrx_word' id='word_1_2' title='bbox 190 551 320 618; x_wconf 68' lang='lat' dir='ltr'><strong>Sanane</strong></span> <span class='ocrx_word' id='word_1_3' title='bbox 345 575 418 641; x_wconf 82' lang='lat' dir='ltr'><strong>pag.</strong></span> <span class='ocrx_word' id='word_1_4' title='bbox 443 551 516 618; x_wconf 80' lang='lat'><strong>262.</strong></span> <span class='ocrx_word' id='word_1_5' title='bbox 543 551 664 617; x_wconf 82' lang='lat' dir='ltr'><strong>multus</strong></span> <span class='ocrx_word' id='word_1_6' title='bbox 686 555 720 617; x_wconf 94' lang='lat' dir='ltr'><strong>in</strong></span> <span class='ocrx_word' id='word_1_7' title='bbox 743 551 841 620; x_wconf 86' lang='lat' dir='ltr'><strong>Italia</strong></span> <span class='ocrx_word' id='word_1_8' title='bbox 864 552 1001 618; x_wconf 86' lang='lat' dir='ltr'><strong>colonias</strong></span> <span class='ocrx_word' id='word_1_9' title='bbox 1024 551 1167 617; x_wconf 83' lang='lat' dir='ltr'><strong>conditas</strong></span> <span class='ocrx_word' id='word_1_10' title='bbox 1187 553 1338 618; x_wconf 79' lang='lat' dir='ltr'><strong>scribite</strong></span> 
     </span>
     <span class='ocr_line' id='line_1_3' title="bbox 147 655 1337 744; baseline 0 -20"><span class='ocrx_word' id='word_1_11' title='bbox 147 656 277 724; x_wconf 79' lang='lat' dir='ltr'><strong>Graecis</strong></span> <span class='ocrx_word' id='word_1_12' title='bbox 300 681 340 724; x_wconf 82' lang='lat' dir='ltr'><strong>ex</strong></span> <span class='ocrx_word' id='word_1_13' title='bbox 372 659 454 726; x_wconf 84' lang='lat' dir='ltr'><strong>bello</strong></span> <span class='ocrx_word' id='word_1_14' title='bbox 479 659 614 724; x_wconf 76' lang='lat' dir='ltr'><strong>Troiano</strong></span> <span class='ocrx_word' id='word_1_15' title='bbox 638 663 792 744; x_wconf 80' lang='lat' dir='ltr'><strong>reversis,</strong></span> <span class='ocrx_word' id='word_1_16' title='bbox 823 655 861 724; x_wconf 82' lang='grc' dir='ltr'><strong>ὧν</strong></span> <span class='ocrx_word' id='word_1_17' title='bbox 885 662 918 724; x_wconf 90' lang='grc' dir='ltr'><strong><em>αί</em></strong></span> <span class='ocrx_word' id='word_1_18' title='bbox 948 661 1071 729; x_wconf 80' lang='grc' dir='ltr'><strong><em>πλείους</em></strong></span> <span class='ocrx_word' id='word_1_19' title='bbox 1098 660 1247 735; x_wconf 83' lang='grc' dir='ltr'><strong><em>ίαύνυροοι</em></strong></span> <span class='ocrx_word' id='word_1_20' title='bbox 1279 667 1337 724; x_wconf 82' lang='grc' dir='ltr'><strong>τῶν</strong></span> 
     </span>
     <span class='ocr_line' id='line_1_4' title="bbox 147 765 1337 846; baseline 0.002 -18"><span class='ocrx_word' id='word_1_21' title='bbox 147 767 253 840; x_wconf 70' lang='grc' dir='ltr'><strong><em>Τρώων</em></strong></span> <span class='ocrx_word' id='word_1_22' title='bbox 277 767 425 842; x_wconf 66' lang='grc' dir='ltr'><strong><em>ἐγένοντο.</em></strong></span> <span class='ocrx_word' id='word_1_23' title='bbox 476 766 578 846; x_wconf 81' lang='lat' dir='ltr'><strong>Quam</strong></span> <span class='ocrx_word' id='word_1_24' title='bbox 611 769 653 830; x_wconf 89' lang='lat' dir='ltr'><strong>sit</strong></span> <span class='ocrx_word' id='word_1_25' title='bbox 681 767 854 831; x_wconf 87' lang='lat' dir='ltr'><strong>absurdum</strong></span> <span class='ocrx_word' id='word_1_26' title='bbox 885 773 943 830; x_wconf 82' lang='grc' dir='ltr'><strong>τῶν</strong></span> <span class='ocrx_word' id='word_1_27' title='bbox 967 765 1074 844; x_wconf 79' lang='grc' dir='ltr'><strong><em>Τρώων</em></strong></span> <span class='ocrx_word' id='word_1_28' title='bbox 1096 766 1234 830; x_wconf 77' lang='lat' dir='ltr'>ostendit</span> <span class='ocrx_word' id='word_1_29' title='bbox 1256 765 1337 832; x_wconf 89' lang='lat' dir='ltr'><strong>Mei·</strong></span> 
     </span>
     <span class='ocr_line' id='line_1_5' title="bbox 145 870 1336 958; baseline 0.001 -23"><span class='ocrx_word' id='word_1_30' title='bbox 145 872 242 947; x_wconf 80' lang='lat' dir='ltr'><strong>neke,</strong></span> <span class='ocrx_word' id='word_1_31' title='bbox 275 875 332 957; x_wconf 90' lang='lat' dir='ltr'><strong>qui</strong></span> <span class='ocrx_word' id='word_1_32' title='bbox 370 877 461 937; x_wconf 81' lang='lat' dir='ltr'><strong>acute</strong></span> <span class='ocrx_word' id='word_1_33' title='bbox 494 870 656 936; x_wconf 80' lang='lat' dir='ltr'>Strabonis</span> <span class='ocrx_word' id='word_1_34' title='bbox 688 875 880 936; x_wconf 77' lang='lat' dir='ltr'><strong>sententiam</strong></span> <span class='ocrx_word' id='word_1_35' title='bbox 916 875 1076 957; x_wconf 79' lang='lat' dir='ltr'><strong>perspexit</strong></span> <span class='ocrx_word' id='word_1_36' title='bbox 1111 877 1143 936; x_wconf 89' lang='lat' dir='ltr'><strong>et</strong></span> <span class='ocrx_word' id='word_1_37' title='bbox 1177 876 1336 958; x_wconf 78' lang='lat' dir='ltr'><strong>reposuit:</strong></span> 
     </span>
     <span class='ocr_line' id='line_1_6' title="bbox 147 978 1338 1055; baseline 0 -13"><span class='ocrx_word' id='word_1_38' title='bbox 147 978 298 1053; x_wconf 68' lang='grc' dir='ltr'><strong><em>ὁμώνυμοι</em></strong></span> <span class='ocrx_word' id='word_1_39' title='bbox 323 985 398 1042; x_wconf 73' lang='grc' dir='ltr'><strong>τῶν</strong></span> <span class='ocrx_word' id='word_1_40' title='bbox 422 985 615 1053; x_wconf 77' lang='grc' dir='ltr'><strong><em>ποταμῶν</em></strong></span> <span class='ocrx_word' id='word_1_41' title='bbox 641 978 797 1055; x_wconf 72' lang='grc' dir='ltr'><strong><em>ἐγένοντο,</em></strong></span> <span class='ocrx_word' id='word_1_42' title='bbox 823 979 877 1044; x_wconf 90' lang='lat' dir='ltr'><strong>sed</strong></span> <span class='ocrx_word' id='word_1_43' title='bbox 901 981 935 1042; x_wconf 93' lang='lat' dir='ltr'><strong>in</strong></span> <span class='ocrx_word' id='word_1_44' title='bbox 954 999 1055 1042; x_wconf 91' lang='lat' dir='ltr'><strong>unum</strong></span> <span class='ocrx_word' id='word_1_45' title='bbox 1076 979 1181 1043; x_wconf 85' lang='lat' dir='ltr'><strong>levem</strong></span> <span class='ocrx_word' id='word_1_46' title='bbox 1202 999 1338 1044; x_wconf 88' lang='lat' dir='ltr'><strong>errorem</strong></span> 
     </span>
     <span class='ocr_line' id='line_1_7' title="bbox 147 1084 1339 1170; baseline 0.002 -22"><span class='ocrx_word' id='word_1_47' title='bbox 147 1105 179 1148; x_wconf 88' lang='lat' dir='ltr'><strong>se</strong></span> <span class='ocrx_word' id='word_1_48' title='bbox 202 1085 326 1162; x_wconf 88' lang='lat' dir='ltr'><strong>induit,</strong></span> <span class='ocrx_word' id='word_1_49' title='bbox 351 1106 448 1169; x_wconf 87' lang='lat' dir='ltr'><strong>quem</strong></span> <span class='ocrx_word' id='word_1_50' title='bbox 472 1085 661 1170; x_wconf 72' lang='lat' dir='ltr'><strong>patefacient</strong></span> <span class='ocrx_word' id='word_1_51' title='bbox 687 1085 721 1148; x_wconf 92' lang='lat' dir='ltr'><strong>hi</strong></span> <span class='ocrx_word' id='word_1_52' title='bbox 744 1084 807 1148; x_wconf 90' lang='lat' dir='ltr'><strong>loci</strong></span> <span class='ocrx_word' id='word_1_53' title='bbox 830 1088 924 1170; x_wconf 86' lang='lat' dir='ltr'><strong>pauci</strong></span> <span class='ocrx_word' id='word_1_54' title='bbox 948 1085 986 1150; x_wconf 91' lang='lat' dir='ltr'><strong>de</strong></span> <span class='ocrx_word' id='word_1_55' title='bbox 1010 1084 1139 1148; x_wconf 88' lang='lat' dir='ltr'><strong>multis:</strong></span> <span class='ocrx_word' id='word_1_56' title='bbox 1164 1088 1198 1148; x_wconf 93' lang='lat' dir='ltr'><strong>in</strong></span> <span class='ocrx_word' id='word_1_57' title='bbox 1221 1088 1339 1150; x_wconf 87' lang='lat' dir='ltr'><strong>vicinia</strong></span> 
     </span>
     <span class='ocr_line' id='line_1_8' title="bbox 147 1189 1337 1278; baseline 0 -24"><span class='ocrx_word' id='word_1_58' title='bbox 147 1190 285 1278; x_wconf 83' lang='lat' dir='ltr'><strong>legitur:</strong></span> <span class='ocrx_word' id='word_1_59' title='bbox 320 1191 460 1267; x_wconf 92' lang='grc' dir='ltr'><strong><em>Σύβαριν</em></strong></span> <span class='ocrx_word' id='word_1_60' title='bbox 489 1193 621 1270; x_wconf 80' lang='grc' dir='ltr'><strong><em>ποταμῷ</em></strong></span> <span class='ocrx_word' id='word_1_61' title='bbox 653 1193 695 1270; x_wconf 80' lang='grc' dir='ltr'><strong>τῷ</strong></span> <span class='ocrx_word' id='word_1_62' title='bbox 726 1191 855 1263; x_wconf 76' lang='grc' dir='ltr'><strong><em>πλησίον</em></strong></span> <span class='ocrx_word' id='word_1_63' title='bbox 888 1190 1053 1268; x_wconf 75' lang='grc' dir='ltr'><strong><em>ὁμώνυμον.</em></strong></span> <span class='ocrx_word' id='word_1_64' title='bbox 1078 1211 1152 1277; x_wconf 82' lang='lat' dir='ltr'><strong>pag.</strong></span> <span class='ocrx_word' id='word_1_65' title='bbox 1177 1189 1252 1254; x_wconf 82' lang='grc'><strong>243.</strong></span> <span class='ocrx_word' id='word_1_66' title='bbox 1278 1215 1337 1255; x_wconf 86' lang='grc' dir='ltr'><strong><em>πα·</em></strong></span> 
     </span>
     <span class='ocr_line' id='line_1_9' title="bbox 148 1293 1337 1384; baseline 0.002 -26"><span class='ocrx_word' id='word_1_67' title='bbox 148 1305 248 1375; x_wconf 84' lang='grc' dir='ltr'><strong><em>ραρρεῑ</em></strong></span> <span class='ocrx_word' id='word_1_68' title='bbox 268 1298 300 1362; x_wconf 74' lang='grc' dir='ltr'><strong>δὲ</strong></span> <span class='ocrx_word' id='word_1_69' title='bbox 332 1296 488 1373; x_wconf 78' lang='grc' dir='ltr'><strong><em>ὁμώνυμος</em></strong></span> <span class='ocrx_word' id='word_1_70' title='bbox 512 1307 550 1376; x_wconf 70' lang='grc' dir='ltr'><strong>τῇ</strong></span> <span class='ocrx_word' id='word_1_71' title='bbox 575 1296 664 1360; x_wconf 84' lang='grc' dir='ltr'><strong><em>πύλει</em></strong></span> <span class='ocrx_word' id='word_1_72' title='bbox 698 1297 851 1373; x_wconf 82' lang='grc' dir='ltr'><strong><em>ποταμός.</em></strong></span> <span class='ocrx_word' id='word_1_73' title='bbox 882 1317 954 1384; x_wconf 86' lang='lat' dir='ltr'><strong>pag.</strong></span> <span class='ocrx_word' id='word_1_74' title='bbox 981 1293 1058 1360; x_wconf 83' lang='lat'><strong>447.</strong></span> <span class='ocrx_word' id='word_1_75' title='bbox 1079 1299 1096 1371; x_wconf 70' lang='lat' dir='ltr'><strong>si</strong></span> <span class='ocrx_word' id='word_1_76' title='bbox 1121 1295 1276 1372; x_wconf 81' lang='grc' dir='ltr'><strong><em>ίρούνυμος</em></strong></span> <span class='ocrx_word' id='word_1_77' title='bbox 1300 1308 1337 1380; x_wconf 69' lang='grc' dir='ltr'><strong>τῇ</strong></span> 
     </span>
     <span class='ocr_line' id='line_1_10' title="bbox 147 1401 1337 1491; baseline 0.003 -26"><span class='ocrx_word' id='word_1_78' title='bbox 147 1405 223 1481; x_wconf 73' lang='grc' dir='ltr'><strong><em>νήσω</em></strong></span> <span class='ocrx_word' id='word_1_79' title='bbox 248 1403 351 1476; x_wconf 75' lang='grc' dir='ltr'><strong>πόλις.</strong></span> <span class='ocrx_word' id='word_1_80' title='bbox 376 1425 450 1491; x_wconf 81' lang='lat' dir='ltr'><strong>pag.</strong></span> <span class='ocrx_word' id='word_1_81' title='bbox 475 1402 550 1468; x_wconf 84' lang='lat'><strong>408.</strong></span> <span class='ocrx_word' id='word_1_82' title='bbox 576 1403 728 1478; x_wconf 83' lang='grc' dir='ltr'><strong><em>ίρούνυμοι</em></strong></span> <span class='ocrx_word' id='word_1_83' title='bbox 751 1405 793 1482; x_wconf 79' lang='grc' dir='ltr'><strong>τῷ</strong></span> <span class='ocrx_word' id='word_1_84' title='bbox 819 1404 951 1483; x_wconf 78' lang='grc' dir='ltr'><strong><em>ποταμῷ</em></strong></span> <span class='ocrx_word' id='word_1_85' title='bbox 975 1403 1100 1467; x_wconf 89' lang='grc' dir='ltr'><strong><em>τούτων.</em></strong></span> <span class='ocrx_word' id='word_1_86' title='bbox 1125 1401 1236 1487; x_wconf 83' lang='lat' dir='ltr'><strong>Itaque</strong></span> <span class='ocrx_word' id='word_1_87' title='bbox 1254 1425 1337 1468; x_wconf 88' lang='lat' dir='ltr'><strong>nunc</strong></span> 
     </span>
     <span class='ocr_line' id='line_1_11' title="bbox 148 1507 1204 1594; baseline -0.002 -20"><span class='ocrx_word' id='word_1_88' title='bbox 148 1529 273 1594; x_wconf 82' lang='lat' dir='ltr'><strong>quoque</strong></span> <span class='ocrx_word' id='word_1_89' title='bbox 297 1509 518 1574; x_wconf 82' lang='lat' dir='ltr'><strong>scribendum:</strong></span> <span class='ocrx_word' id='word_1_90' title='bbox 543 1507 692 1586; x_wconf 78' lang='grc' dir='ltr'><strong><em>ὁμώνυμοι</em></strong></span> <span class='ocrx_word' id='word_1_91' title='bbox 717 1517 806 1582; x_wconf 79' lang='grc' dir='ltr'><strong><em>τοῖς</em></strong></span> <span class='ocrx_word' id='word_1_92' title='bbox 831 1516 1033 1586; x_wconf 76' lang='grc' dir='ltr'><strong>ποταμοῖς</strong></span> <span class='ocrx_word' id='word_1_93' title='bbox 1058 1508 1204 1586; x_wconf 73' lang='grc' dir='ltr'><strong><em>ἐγένοντο.</em></strong></span> 
     </span>
    </p>
   </div>
   <div class='ocr_carea' id='block_1_3' title="bbox 149 1719 1339 2656">
    <p class='ocr_par' dir='ltr' id='par_1_3' title="bbox 149 1719 1339 2656">
     <span class='ocr_line' id='line_1_12' title="bbox 191 1719 1338 1808; baseline 0 -22"><span class='ocrx_word' id='word_1_94' title='bbox 191 1721 312 1786; x_wconf 85' lang='lat' dir='ltr'><strong>Misere</strong></span> <span class='ocrx_word' id='word_1_95' title='bbox 346 1721 554 1805; x_wconf 84' lang='lat' dir='ltr'><strong>depravatum</strong></span> <span class='ocrx_word' id='word_1_96' title='bbox 594 1720 715 1807; x_wconf 86' lang='lat' dir='ltr'><strong>legitur</strong></span> <span class='ocrx_word' id='word_1_97' title='bbox 753 1741 827 1808; x_wconf 87' lang='lat' dir='ltr'><strong>pag.</strong></span> <span class='ocrx_word' id='word_1_98' title='bbox 862 1719 939 1785; x_wconf 79' lang='lat'><strong>262.</strong></span> <span class='ocrx_word' id='word_1_99' title='bbox 979 1719 1144 1786; x_wconf 84' lang='lat' dir='ltr'><strong>oraculum</strong></span> <span class='ocrx_word' id='word_1_100' title='bbox 1180 1720 1338 1808; x_wconf 86' lang='lat' dir='ltr'><strong>Myscello</strong></span> 
     </span>
     <span class='ocr_line' id='line_1_13' title="bbox 149 1829 293 1893; baseline -0.014 -1"><span class='ocrx_word' id='word_1_101' title='bbox 149 1829 293 1893; x_wconf 86' lang='lat' dir='ltr'><strong>editum:</strong></span> 
     </span>
     <span class='ocr_line' id='line_1_14' title="bbox 287 1931 1189 2012; baseline -0.001 -15"><span class='ocrx_word' id='word_1_102' title='bbox 287 1932 458 1998; x_wconf 87' lang='grc' dir='ltr'><strong><em>Μύσκελλε</em></strong></span> <span class='ocrx_word' id='word_1_103' title='bbox 482 1933 685 2012; x_wconf 81' lang='grc' dir='ltr'><strong><em>βραχύνωτε,</em></strong></span> <span class='ocrx_word' id='word_1_104' title='bbox 709 1933 807 2011; x_wconf 77' lang='grc' dir='ltr'><strong><em>παρὲκ</em></strong></span> <span class='ocrx_word' id='word_1_105' title='bbox 832 1932 916 1998; x_wconf 83' lang='grc' dir='ltr'><strong><em>σε’ίεν</em></strong></span> <span class='ocrx_word' id='word_1_106' title='bbox 940 1931 1020 1996; x_wconf 72' lang='grc' dir='ltr'><strong><em>ἄλλο</em></strong></span> <span class='ocrx_word' id='word_1_107' title='bbox 1044 1933 1189 2008; x_wconf 81' lang='grc' dir='ltr'><strong><em>ματεύων</em></strong></span> 
     </span>
     <span class='ocr_line' id='line_1_15' title="bbox 285 2038 1187 2119; baseline -0.003 -14"><span class='ocrx_word' id='word_1_108' title='bbox 285 2042 465 2117; x_wconf 71' lang='grc' dir='ltr'><strong><em>κλάσματα</em></strong></span> <span class='ocrx_word' id='word_1_109' title='bbox 489 2040 636 2118; x_wconf 65' lang='lat' dir='ltr'><strong>inpetere·</strong></span> <span class='ocrx_word' id='word_1_110' title='bbox 663 2039 741 2117; x_wconf 76' lang='grc' dir='ltr'><strong><em>ὀρθὸν</em></strong></span> <span class='ocrx_word' id='word_1_111' title='bbox 769 2039 794 2104; x_wconf 78' lang='grc' dir='ltr'><strong>δ’</strong></span> <span class='ocrx_word' id='word_1_112' title='bbox 818 2039 834 2104; x_wconf 80' lang='grc' dir='ltr'><strong><em>ί</em></strong></span> <span class='ocrx_word' id='word_1_113' title='bbox 855 2065 884 2104; x_wconf 90' lang='grc' dir='ltr'><strong>τι</strong></span> <span class='ocrx_word' id='word_1_114' title='bbox 910 2039 948 2119; x_wconf 78' lang='grc' dir='ltr'><strong>δῷ</strong></span> <span class='ocrx_word' id='word_1_115' title='bbox 973 2063 1019 2110; x_wconf 81' lang='grc' dir='ltr'><strong>τις</strong></span> <span class='ocrx_word' id='word_1_116' title='bbox 1044 2038 1187 2104; x_wconf 81' lang='grc' dir='ltr'><strong><em>ἐπαινεῖν.</em></strong></span> 
     </span>
     <span class='ocr_line' id='line_1_16' title="bbox 149 2145 1009 2232; baseline -0.005 -20"><span class='ocrx_word' id='word_1_117' title='bbox 149 2169 251 2232; x_wconf 89' lang='lat' dir='ltr'><strong>quum</strong></span> <span class='ocrx_word' id='word_1_118' title='bbox 274 2169 350 2214; x_wconf 80' lang='lat' dir='ltr'><strong>vera</strong></span> <span class='ocrx_word' id='word_1_119' title='bbox 372 2147 468 2212; x_wconf 87' lang='lat' dir='ltr'><strong>lectio</strong></span> <span class='ocrx_word' id='word_1_120' title='bbox 491 2147 576 2231; x_wconf 80' lang='lat' dir='ltr'><strong>apud</strong></span> <span class='ocrx_word' id='word_1_121' title='bbox 599 2145 678 2211; x_wconf 86' lang='lat' dir='ltr'><strong>alios</strong></span> <span class='ocrx_word' id='word_1_122' title='bbox 703 2153 827 2211; x_wconf 82' lang='lat' dir='ltr'><strong>servata</strong></span> <span class='ocrx_word' id='word_1_123' title='bbox 849 2147 926 2211; x_wconf 86' lang='lat' dir='ltr'><strong>haec</strong></span> <span class='ocrx_word' id='word_1_124' title='bbox 950 2147 1009 2210; x_wconf 90' lang='lat' dir='ltr'><strong>sit:</strong></span> 
     </span>
     <span class='ocr_line' id='line_1_17' title="bbox 287 2249 1222 2333; baseline -0.005 -14"><span class='ocrx_word' id='word_1_125' title='bbox 287 2257 458 2320; x_wconf 86' lang='grc' dir='ltr'><strong><em>Μύσκελλε</em></strong></span> <span class='ocrx_word' id='word_1_126' title='bbox 481 2255 684 2333; x_wconf 84' lang='grc' dir='ltr'><strong><em>βραχύνωτε.</em></strong></span> <span class='ocrx_word' id='word_1_127' title='bbox 711 2253 808 2330; x_wconf 82' lang='grc' dir='ltr'><strong><em>παρὲκ</em></strong></span> <span class='ocrx_word' id='word_1_128' title='bbox 833 2260 950 2316; x_wconf 81' lang='grc' dir='ltr'><strong>ΘΕΟΝ</strong></span> <span class='ocrx_word' id='word_1_129' title='bbox 975 2249 1055 2315; x_wconf 82' lang='grc' dir='ltr'><strong><em>οίλλο</em></strong></span> <span class='ocrx_word' id='word_1_130' title='bbox 1078 2250 1222 2327; x_wconf 80' lang='grc' dir='ltr'><strong><em>ματεύων</em></strong></span> 
     </span>
     <span class='ocr_line' id='line_1_18' title="bbox 287 2357 1259 2438; baseline 0.001 -14"><span class='ocrx_word' id='word_1_131' title='bbox 287 2372 480 2432; x_wconf 78' lang='grc' dir='ltr'><strong><em>κλΑΤαατα</em></strong></span> <span class='ocrx_word' id='word_1_132' title='bbox 501 2359 648 2438; x_wconf 64' lang='lat' dir='ltr'><strong>inpriore·</strong></span> <span class='ocrx_word' id='word_1_133' title='bbox 677 2367 830 2424; x_wconf 83' lang='grc' dir='ltr'>ΔΩΡΟΝ</span> <span class='ocrx_word' id='word_1_134' title='bbox 856 2359 880 2422; x_wconf 80' lang='grc' dir='ltr'><strong>δ’</strong></span> <span class='ocrx_word' id='word_1_135' title='bbox 905 2357 966 2422; x_wconf 82' lang='grc' dir='ltr'><strong>ίτι</strong></span> <span class='ocrx_word' id='word_1_136' title='bbox 986 2359 1024 2438; x_wconf 79' lang='grc' dir='ltr'><strong>δῷ</strong></span> <span class='ocrx_word' id='word_1_137' title='bbox 1045 2383 1091 2432; x_wconf 79' lang='grc' dir='ltr'><strong>τις</strong></span> <span class='ocrx_word' id='word_1_138' title='bbox 1113 2359 1259 2425; x_wconf 80' lang='grc' dir='ltr'><strong><em>ἒποοίνΕΙ.</em></strong></span> 
     </span>
     <span class='ocr_line' id='line_1_19' title="bbox 149 2465 1339 2552; baseline -0.003 -19"><span class='ocrx_word' id='word_1_139' title='bbox 149 2487 229 2551; x_wconf 85' lang='lat' dir='ltr'><strong>quae</strong></span> <span class='ocrx_word' id='word_1_140' title='bbox 251 2466 348 2552; x_wconf 84' lang='lat' dir='ltr'><strong>plane</strong></span> <span class='ocrx_word' id='word_1_141' title='bbox 370 2473 402 2531; x_wconf 89' lang='lat' dir='ltr'><strong>et</strong></span> <span class='ocrx_word' id='word_1_142' title='bbox 424 2469 590 2551; x_wconf 84' lang='lat' dir='ltr'><strong>perspicue</strong></span> <span class='ocrx_word' id='word_1_143' title='bbox 613 2473 704 2530; x_wconf 91' lang='lat' dir='ltr'><strong>sunt:</strong></span> <span class='ocrx_word' id='word_1_144' title='bbox 731 2467 905 2542; x_wconf 78' lang='grc' dir='ltr'><strong><em>κλαύματα</em></strong></span> <span class='ocrx_word' id='word_1_145' title='bbox 930 2465 1058 2544; x_wconf 79' lang='grc' dir='ltr'><strong><em>ίνρρεύεις</em></strong></span> <span class='ocrx_word' id='word_1_146' title='bbox 1083 2473 1131 2531; x_wconf 87' lang='lat' dir='ltr'><strong>est</strong></span> <span class='ocrx_word' id='word_1_147' title='bbox 1153 2473 1271 2551; x_wconf 76' lang='lat' dir='ltr'><strong>quaeris</strong></span> <span class='ocrx_word' id='word_1_148' title='bbox 1293 2473 1339 2529; x_wconf 87' lang='grc' dir='ltr'><strong><em>ιά-</em></strong></span> 
     </span>
     <span class='ocr_line' id='line_1_20' title="bbox 151 2573 809 2656; baseline -0.003 -20"><span class='ocrx_word' id='word_1_149' title='bbox 151 2574 339 2656; x_wconf 76' lang='lat' dir='ltr'><strong>fortunium,</strong></span> <span class='ocrx_word' id='word_1_150' title='bbox 363 2587 397 2638; x_wconf 85' lang='lat' dir='ltr'><strong>ct</strong></span> <span class='ocrx_word' id='word_1_151' title='bbox 421 2573 538 2636; x_wconf 82' lang='grc' dir='ltr'><strong><em>ἐπαίνει</em></strong></span> <span class='ocrx_word' id='word_1_152' title='bbox 563 2579 716 2636; x_wconf 75' lang='lat' dir='ltr'><strong>contentae</strong></span> <span class='ocrx_word' id='word_1_153' title='bbox 740 2579 809 2635; x_wconf 77' lang='lat' dir='ltr'><strong>ecto.</strong></span> 
     </span>
    </p>
   </div>
   <div class='ocr_carea' id='block_1_4' title="bbox 148 2783 1341 3081">
    <p class='ocr_par' dir='ltr' id='par_1_4' title="bbox 148 2783 1341 3081">
     <span class='ocr_line' id='line_1_21' title="bbox 195 2783 1339 2874; baseline 0.001 -25"><span class='ocrx_word' id='word_1_154' title='bbox 195 2784 276 2874; x_wconf 80' lang='lat' dir='ltr'><strong>Peg.</strong></span> <span class='ocrx_word' id='word_1_155' title='bbox 303 2783 379 2850; x_wconf 81' lang='grc'><strong>263.</strong></span> <span class='ocrx_word' id='word_1_156' title='bbox 407 2787 436 2868; x_wconf 70' lang='grc' dir='ltr'><strong>(ἡ</strong></span> <span class='ocrx_word' id='word_1_157' title='bbox 463 2783 615 2869; x_wconf 76' lang='grc' dir='ltr'><strong>Σύβαρις)</strong></span> <span class='ocrx_word' id='word_1_158' title='bbox 642 2784 795 2863; x_wconf 87' lang='grc' dir='ltr'><strong><em>τεττοίρων</em></strong></span> <span class='ocrx_word' id='word_1_159' title='bbox 820 2785 876 2860; x_wconf 83' lang='grc' dir='ltr'><strong>μὲν</strong></span> <span class='ocrx_word' id='word_1_160' title='bbox 900 2785 985 2848; x_wconf 82' lang='grc' dir='ltr'><strong><em>ε’ίνῶν</em></strong></span> <span class='ocrx_word' id='word_1_161' title='bbox 1004 2791 1062 2850; x_wconf 79' lang='grc' dir='ltr'><strong>τῶν</strong></span> <span class='ocrx_word' id='word_1_162' title='bbox 1083 2786 1210 2861; x_wconf 71' lang='grc' dir='ltr'><strong><em>πλησίον</em></strong></span> <span class='ocrx_word' id='word_1_163' title='bbox 1227 2793 1339 2866; x_wconf 67' lang='lat' dir='ltr'><strong>&#39;&#39;sarip-</strong></span> 
     </span>
     <span class='ocr_line' id='line_1_22' title="bbox 148 2889 1339 2977; baseline 0.002 -21"><span class='ocrx_word' id='word_1_164' title='bbox 148 2890 220 2966; x_wconf 81' lang='grc' dir='ltr'><strong>ξεν,</strong></span> <span class='ocrx_word' id='word_1_165' title='bbox 246 2895 352 2976; x_wconf 87' lang='lat' dir='ltr'><strong>inepte</strong></span> <span class='ocrx_word' id='word_1_166' title='bbox 373 2912 428 2975; x_wconf 90' lang='lat' dir='ltr'><strong>pro</strong></span> <span class='ocrx_word' id='word_1_167' title='bbox 454 2889 624 2967; x_wconf 76' lang='grc' dir='ltr'><strong><em>’6πῆρξεν,</em></strong></span> <span class='ocrx_word' id='word_1_168' title='bbox 659 2891 742 2956; x_wconf 91' lang='lat' dir='ltr'><strong>unde</strong></span> <span class='ocrx_word' id='word_1_169' title='bbox 761 2895 931 2973; x_wconf 79' lang='grc' dir='ltr'><strong><em>ροοωὶαοιοο</em></strong></span> <span class='ocrx_word' id='word_1_170' title='bbox 955 2891 1105 2970; x_wconf 76' lang='grc' dir='ltr'><strong><em>ἐπαρχίαν</em></strong></span> <span class='ocrx_word' id='word_1_171' title='bbox 1130 2893 1339 2977; x_wconf 86' lang='lat' dir='ltr'><strong>appellantur.</strong></span> 
     </span>
     <span class='ocr_line' id='line_1_23' title="bbox 148 2995 1341 3081; baseline 0.002 -19"><span class='ocrx_word' id='word_1_172' title='bbox 148 2998 268 3062; x_wconf 83' lang='lat' dir='ltr'><strong>Multis</strong></span> <span class='ocrx_word' id='word_1_173' title='bbox 292 2997 369 3061; x_wconf 89' lang='lat' dir='ltr'><strong>locis</strong></span> <span class='ocrx_word' id='word_1_174' title='bbox 392 2997 503 3062; x_wconf 89' lang='lat' dir='ltr'><strong>eodem</strong></span> <span class='ocrx_word' id='word_1_175' title='bbox 527 2997 622 3062; x_wconf 90' lang='lat' dir='ltr'><strong>modo</strong></span> <span class='ocrx_word' id='word_1_176' title='bbox 645 2995 719 3061; x_wconf 92' lang='lat' dir='ltr'><strong>libri</strong></span> <span class='ocrx_word' id='word_1_177' title='bbox 744 2995 906 3060; x_wconf 80' lang='lat' dir='ltr'><strong>Strabonis</strong></span> <span class='ocrx_word' id='word_1_178' title='bbox 935 3001 1073 3081; x_wconf 84' lang='lat' dir='ltr'><strong>corrupti</strong></span> <span class='ocrx_word' id='word_1_179' title='bbox 1097 3005 1180 3062; x_wconf 87' lang='lat' dir='ltr'><strong>sunt.</strong></span> <span class='ocrx_word' id='word_1_180' title='bbox 1228 2996 1341 3066; x_wconf 83' lang='lat' dir='ltr'><strong>Oritici</strong></span> 
     </span>
    </p>
   </div>
   <div class='ocr_carea' id='block_1_5' title="bbox 150 3103 1339 3296">
    <p class='ocr_par' dir='ltr' id='par_1_5' title="bbox 150 3103 1339 3296">
     <span class='ocr_line' id='line_1_24' title="bbox 150 3103 1339 3191; baseline 0.004 -23"><span class='ocrx_word' id='word_1_181' title='bbox 150 3103 247 3168; x_wconf 90' lang='lat' dir='ltr'><strong>modo</strong></span> <span class='ocrx_word' id='word_1_182' title='bbox 278 3123 390 3168; x_wconf 86' lang='lat' dir='ltr'><strong>verum</strong></span> <span class='ocrx_word' id='word_1_183' title='bbox 424 3109 594 3188; x_wconf 89' lang='lat' dir='ltr'><strong>reponunt,</strong></span> <span class='ocrx_word' id='word_1_184' title='bbox 618 3103 778 3168; x_wconf 91' lang='lat' dir='ltr'><strong>interdum</strong></span> <span class='ocrx_word' id='word_1_185' title='bbox 803 3122 941 3168; x_wconf 85' lang='lat' dir='ltr'><strong>errorem</strong></span> <span class='ocrx_word' id='word_1_186' title='bbox 964 3105 1122 3168; x_wconf 87' lang='lat' dir='ltr'><strong>intactum</strong></span> <span class='ocrx_word' id='word_1_187' title='bbox 1145 3104 1339 3191; x_wconf 86' lang='lat' dir='ltr'><strong>relinquunt.</strong></span> 
     </span>
     <span class='ocr_line' id='line_1_25' title="bbox 150 3207 563 3296; baseline -0.01 -20"><span class='ocrx_word' id='word_1_188' title='bbox 150 3211 218 3276; x_wconf 82' lang='lat' dir='ltr'><strong>rid.</strong></span> <span class='ocrx_word' id='word_1_189' title='bbox 243 3229 319 3296; x_wconf 83' lang='lat' dir='ltr'><strong>pag.</strong></span> <span class='ocrx_word' id='word_1_190' title='bbox 341 3208 407 3274; x_wconf 81' lang='lat'><strong>394</strong></span> <span class='ocrx_word' id='word_1_191' title='bbox 432 3216 464 3274; x_wconf 88' lang='lat' dir='ltr'><strong>et</strong></span> <span class='ocrx_word' id='word_1_192' title='bbox 488 3207 563 3274; x_wconf 83' lang='lat'><strong>407.</strong></span> 
     </span>
    </p>
   </div>
   <div class='ocr_carea' id='block_1_6' title="bbox 151 3421 1343 4250">
    <p class='ocr_par' dir='ltr' id='par_1_6' title="bbox 151 3421 1343 4250">
     <span class='ocr_line' id='line_1_26' title="bbox 199 3421 1342 3510; baseline 0.005 -24"><span class='ocrx_word' id='word_1_193' title='bbox 199 3422 279 3510; x_wconf 84' lang='lat' dir='ltr'><strong>Peg.</strong></span> <span class='ocrx_word' id='word_1_194' title='bbox 305 3421 382 3486; x_wconf 81' lang='lat'><strong>269.</strong></span> <span class='ocrx_word' id='word_1_195' title='bbox 407 3429 636 3487; x_wconf 87' lang='lat' dir='ltr'><strong>commemorat</strong></span> <span class='ocrx_word' id='word_1_196' title='bbox 666 3421 870 3506; x_wconf 84' lang='lat' dir='ltr'><strong>proverbium</strong></span> <span class='ocrx_word' id='word_1_197' title='bbox 898 3423 930 3485; x_wconf 91' lang='lat' dir='ltr'><strong>in</strong></span> <span class='ocrx_word' id='word_1_198' title='bbox 962 3425 1156 3489; x_wconf 86' lang='lat' dir='ltr'><strong>sumtuosos:</strong></span> <span class='ocrx_word' id='word_1_199' title='bbox 1189 3426 1342 3503; x_wconf 78' lang='grc' dir='ltr'><strong><em>λεγόντων</em></strong></span> 
     </span>
     <span class='ocr_line' id='line_1_27' title="bbox 152 3525 1341 3613; baseline 0.003 -20"><span class='ocrx_word' id='word_1_200' title='bbox 152 3533 223 3610; x_wconf 78' lang='grc' dir='ltr'><strong><em>πρὸς</em></strong></span> <span class='ocrx_word' id='word_1_201' title='bbox 251 3531 322 3600; x_wconf 79' lang='grc' dir='ltr'><strong>τοὺς</strong></span> <span class='ocrx_word' id='word_1_202' title='bbox 347 3527 433 3604; x_wconf 75' lang='grc' dir='ltr'><strong><em>ἄγαν</em></strong></span> <span class='ocrx_word' id='word_1_203' title='bbox 461 3535 643 3598; x_wconf 75' lang='grc' dir='ltr'><strong><em>πολυτελεῖς</em></strong></span> <span class='ocrx_word' id='word_1_204' title='bbox 676 3532 713 3596; x_wconf 75' lang='grc' dir='ltr'><strong>ὥς</strong></span> <span class='ocrx_word' id='word_1_205' title='bbox 746 3529 799 3591; x_wconf 87' lang='grc' dir='ltr'><strong>ούκ</strong></span> <span class='ocrx_word' id='word_1_206' title='bbox 831 3525 869 3590; x_wconf 71' lang='grc' dir='ltr'><strong>ἂν</strong></span> <span class='ocrx_word' id='word_1_207' title='bbox 893 3527 1045 3603; x_wconf 70' lang='grc' dir='ltr'><strong><em>ἐκγένοιτο</em></strong></span> <span class='ocrx_word' id='word_1_208' title='bbox 1070 3531 1173 3602; x_wconf 76' lang='grc' dir='ltr'><strong><em>αὐτοῖς</em></strong></span> <span class='ocrx_word' id='word_1_209' title='bbox 1200 3535 1216 3606; x_wconf 72' lang='grc' dir='ltr'><strong>οἱ</strong></span> <span class='ocrx_word' id='word_1_210' title='bbox 1241 3543 1341 3613; x_wconf 85' lang='grc' dir='ltr'><strong><em>Συρα-</em></strong></span> 
     </span>
     <span class='ocr_line' id='line_1_28' title="bbox 152 3632 1343 3718; baseline 0.004 -17"><span class='ocrx_word' id='word_1_211' title='bbox 152 3637 258 3701; x_wconf 85' lang='grc' dir='ltr'><strong><em>κοσίων</em></strong></span> <span class='ocrx_word' id='word_1_212' title='bbox 282 3635 409 3710; x_wconf 66' lang='lat' dir='ltr'><strong>iextra.</strong></span> <span class='ocrx_word' id='word_1_213' title='bbox 460 3635 591 3700; x_wconf 83' lang='lat' dir='ltr'><strong>Frustra</strong></span> <span class='ocrx_word' id='word_1_214' title='bbox 615 3632 780 3699; x_wconf 83' lang='lat' dir='ltr'><strong>Strabonis</strong></span> <span class='ocrx_word' id='word_1_215' title='bbox 805 3653 917 3697; x_wconf 82' lang='lat' dir='ltr'><strong>manus</strong></span> <span class='ocrx_word' id='word_1_216' title='bbox 948 3637 1160 3718; x_wconf 80' lang='lat' dir='ltr'><strong>quaesiisset</strong></span> <span class='ocrx_word' id='word_1_217' title='bbox 1184 3638 1255 3704; x_wconf 89' lang='lat' dir='ltr'><strong>aliis</strong></span> <span class='ocrx_word' id='word_1_218' title='bbox 1278 3641 1343 3706; x_wconf 87' lang='lat' dir='ltr'><strong>alia</strong></span> 
     </span>
     <span class='ocr_line' id='line_1_29' title="bbox 151 3739 1342 3814; baseline 0 -6"><span class='ocrx_word' id='word_1_219' title='bbox 151 3741 324 3808; x_wconf 75' lang='lat' dir='ltr'><strong>infeliciter</strong></span> <span class='ocrx_word' id='word_1_220' title='bbox 353 3743 558 3806; x_wconf 84' lang='lat' dir='ltr'><strong>tentantibus.</strong></span> <span class='ocrx_word' id='word_1_221' title='bbox 606 3739 734 3806; x_wconf 84' lang='lat' dir='ltr'><strong>Fefellit</strong></span> <span class='ocrx_word' id='word_1_222' title='bbox 764 3759 873 3803; x_wconf 87' lang='lat' dir='ltr'><strong>omncs</strong></span> <span class='ocrx_word' id='word_1_223' title='bbox 897 3740 1026 3804; x_wconf 86' lang='lat' dir='ltr'><strong>lacuna:</strong></span> <span class='ocrx_word' id='word_1_224' title='bbox 1060 3745 1097 3814; x_wconf 77' lang='grc' dir='ltr'><strong>ὡς</strong></span> <span class='ocrx_word' id='word_1_225' title='bbox 1125 3746 1179 3808; x_wconf 81' lang='grc' dir='ltr'><strong>οὐκ</strong></span> <span class='ocrx_word' id='word_1_226' title='bbox 1203 3743 1241 3808; x_wconf 71' lang='lat' dir='ltr'><strong>ee</strong></span> <span class='ocrx_word' id='word_1_227' title='bbox 1260 3745 1342 3786; x_wconf 53' lang='grc' dir='ltr'><strong>*Μ*</strong></span> 
     </span>
     <span class='ocr_line' id='line_1_30' title="bbox 155 3843 1341 3936; baseline 0.003 -23"><span class='ocrx_word' id='word_1_228' title='bbox 155 3859 191 3914; x_wconf 74' lang='grc' dir='ltr'><strong>ΕΙ</strong></span> <span class='ocrx_word' id='word_1_229' title='bbox 216 3851 337 3925; x_wconf 77' lang='grc' dir='ltr'><strong><em>γένοιτο</em></strong></span> <span class='ocrx_word' id='word_1_230' title='bbox 356 3849 462 3916; x_wconf 75' lang='grc' dir='ltr'><strong><em>αὐτοῖς</em></strong></span> <span class='ocrx_word' id='word_1_231' title='bbox 482 3849 498 3922; x_wconf 62' lang='lat' dir='ltr'><strong>&gt;i</strong></span> <span class='ocrx_word' id='word_1_232' title='bbox 520 3847 711 3924; x_wconf 80' lang='grc' dir='ltr'><strong><em>Συρακοσίων</em></strong></span> <span class='ocrx_word' id='word_1_233' title='bbox 729 3844 854 3919; x_wconf 76' lang='grc' dir='ltr'><strong><em>δεκοίτνρ.</em></strong></span> <span class='ocrx_word' id='word_1_234' title='bbox 894 3843 1058 3912; x_wconf 80' lang='lat' dir='ltr'><strong>Sententia</strong></span> <span class='ocrx_word' id='word_1_235' title='bbox 1080 3851 1249 3915; x_wconf 86' lang='lat' dir='ltr'><strong>verborum</strong></span> <span class='ocrx_word' id='word_1_236' title='bbox 1262 3873 1341 3936; x_wconf 85' lang='lat' dir='ltr'><strong>quae</strong></span> 
     </span>
     <span class='ocr_line' id='line_1_31' title="bbox 153 3953 1341 4040; baseline 0.002 -21"><span class='ocrx_word' id='word_1_237' title='bbox 153 3959 315 4040; x_wconf 83' lang='lat' dir='ltr'><strong>perierunt</strong></span> <span class='ocrx_word' id='word_1_238' title='bbox 337 3953 430 4019; x_wconf 80' lang='lat' dir='ltr'><strong>facilc</strong></span> <span class='ocrx_word' id='word_1_239' title='bbox 452 3955 623 4038; x_wconf 88' lang='lat' dir='ltr'><strong>reperitur:</strong></span> <span class='ocrx_word' id='word_1_240' title='bbox 650 3975 730 4029; x_wconf 80' lang='lat' dir='ltr'><strong>„coe</strong></span> <span class='ocrx_word' id='word_1_241' title='bbox 749 3957 823 4015; x_wconf 79' lang='lat' dir='ltr'><strong>cutis</strong></span> <span class='ocrx_word' id='word_1_242' title='bbox 840 3953 1010 4016; x_wconf 49' lang='lat' dir='ltr'><strong>mittero?</strong></span> <span class='ocrx_word' id='word_1_243' title='bbox 1029 3953 1081 4018; x_wconf 84' lang='lat' dir='ltr'><strong>vel</strong></span> <span class='ocrx_word' id='word_1_244' title='bbox 1101 3957 1264 4031; x_wconf 66' lang='grc' dir='ltr'><strong><em>,αοαοίύαε</em></strong></span> <span class='ocrx_word' id='word_1_245' title='bbox 1282 3979 1341 4022; x_wconf 81' lang='grc' dir='ltr'><strong><em>πονο</em></strong></span> 
     </span>
     <span class='ocr_line' id='line_1_32' title="bbox 153 4055 1340 4148; baseline 0.003 -24"><span class='ocrx_word' id='word_1_246' title='bbox 153 4059 345 4147; x_wconf 55' lang='lat' dir='ltr'><strong>suffectam?</strong></span> <span class='ocrx_word' id='word_1_247' title='bbox 376 4065 432 4124; x_wconf 87' lang='lat' dir='ltr'><strong>aut</strong></span> <span class='ocrx_word' id='word_1_248' title='bbox 464 4059 571 4124; x_wconf 87' lang='lat' dir='ltr'><strong>simile</strong></span> <span class='ocrx_word' id='word_1_249' title='bbox 602 4059 679 4144; x_wconf 89' lang='lat' dir='ltr'><strong>quid</strong></span> <span class='ocrx_word' id='word_1_250' title='bbox 703 4062 742 4129; x_wconf 76' lang='grc' dir='ltr'><strong>ὡς</strong></span> <span class='ocrx_word' id='word_1_251' title='bbox 765 4061 818 4122; x_wconf 73' lang='lat' dir='ltr'><strong>ote</strong></span> <span class='ocrx_word' id='word_1_252' title='bbox 843 4057 881 4122; x_wconf 74' lang='grc' dir='ltr'><strong>ἂν</strong></span> <span class='ocrx_word' id='word_1_253' title='bbox 906 4055 988 4146; x_wconf 69' lang='lat' dir='ltr'><strong>(titre</strong></span> <span class='ocrx_word' id='word_1_254' title='bbox 1013 4062 1111 4139; x_wconf 79' lang='grc' dir='ltr'><strong><em>ἔχοιεν</em></strong></span> <span class='ocrx_word' id='word_1_255' title='bbox 1136 4061 1209 4148; x_wconf 74' lang='grc' dir='ltr'><strong><em>οὐδ’)</em></strong></span> <span class='ocrx_word' id='word_1_256' title='bbox 1233 4065 1259 4127; x_wconf 81' lang='grc' dir='ltr'><strong>εί</strong></span> <span class='ocrx_word' id='word_1_257' title='bbox 1284 4065 1340 4141; x_wconf 74' lang='grc' dir='ltr'><strong>γέ-</strong></span> 
     </span>
     <span class='ocr_line' id='line_1_33' title="bbox 154 4165 1053 4250; baseline 0 -22"><span class='ocrx_word' id='word_1_258' title='bbox 154 4191 229 4231; x_wconf 92' lang='grc' dir='ltr'><strong><em>νοιτο</em></strong></span> <span class='ocrx_word' id='word_1_259' title='bbox 253 4167 320 4232; x_wconf 69' lang='lat' dir='ltr'><strong>nri.</strong></span> <span class='ocrx_word' id='word_1_260' title='bbox 347 4171 405 4230; x_wconf 80' lang='lat' dir='ltr'><strong>aut</strong></span> <span class='ocrx_word' id='word_1_261' title='bbox 427 4165 515 4230; x_wconf 85' lang='lat' dir='ltr'><strong>aliud</strong></span> <span class='ocrx_word' id='word_1_262' title='bbox 538 4166 615 4250; x_wconf 89' lang='lat' dir='ltr'><strong>quid</strong></span> <span class='ocrx_word' id='word_1_263' title='bbox 638 4168 673 4228; x_wconf 84' lang='lat' dir='ltr'><strong>in</strong></span> <span class='ocrx_word' id='word_1_264' title='bbox 697 4165 829 4230; x_wconf 81' lang='lat' dir='ltr'><strong>eandem</strong></span> <span class='ocrx_word' id='word_1_265' title='bbox 853 4168 1053 4230; x_wconf 81' lang='lat' dir='ltr'><strong>sententiam.</strong></span> 
     </span>
    </p>
   </div>
   <div class='ocr_carea' id='block_1_7' title="bbox 156 4371 1341 4574">
    <p class='ocr_par' dir='ltr' id='par_1_7' title="bbox 156 4371 1341 4574">
     <span class='ocr_line' id='line_1_34' title="bbox 198 4371 1341 4468; baseline 0.003 -25"><span class='ocrx_word' id='word_1_266' title='bbox 198 4379 277 4467; x_wconf 70' lang='lat' dir='ltr'><strong>Peg.</strong></span> <span class='ocrx_word' id='word_1_267' title='bbox 304 4378 382 4445; x_wconf 74' lang='lat'><strong>273.</strong></span> <span class='ocrx_word' id='word_1_268' title='bbox 414 4371 466 4442; x_wconf 81' lang='grc' dir='ltr'><strong>κού</strong></span> <span class='ocrx_word' id='word_1_269' title='bbox 500 4386 558 4443; x_wconf 83' lang='grc' dir='ltr'><strong>τῶν</strong></span> <span class='ocrx_word' id='word_1_270' title='bbox 591 4379 788 4456; x_wconf 76' lang='grc' dir='ltr'><strong><em>βαρβαρικῶν</em></strong></span> <span class='ocrx_word' id='word_1_271' title='bbox 812 4378 844 4442; x_wconf 72' lang='grc' dir='ltr'><strong>δὲ</strong></span> <span class='ocrx_word' id='word_1_272' title='bbox 868 4376 1105 4458; x_wconf 78' lang='grc' dir='ltr'><strong><em>ἐξΗλείΦίιρσαν</em></strong></span> <span class='ocrx_word' id='word_1_273' title='bbox 1131 4384 1246 4446; x_wconf 79' lang='grc' dir='ltr'><strong><em>πολλαί</em></strong></span> <span class='ocrx_word' id='word_1_274' title='bbox 1275 4385 1341 4468; x_wconf 82' lang='grc' dir='ltr'><strong>(πί-</strong></span> 
     </span>
     <span class='ocr_line' id='line_1_35' title="bbox 156 4483 1340 4574; baseline 0.004 -26"><span class='ocrx_word' id='word_1_275' title='bbox 156 4487 254 4571; x_wconf 79' lang='grc' dir='ltr'><strong><em>λειρ),</em></strong></span> <span class='ocrx_word' id='word_1_276' title='bbox 279 4487 420 4567; x_wconf 83' lang='grc' dir='ltr'><strong><em>καίοίτερ</em></strong></span> <span class='ocrx_word' id='word_1_277' title='bbox 444 4489 469 4550; x_wconf 86' lang='lat' dir='ltr'><strong>oi</strong></span> <span class='ocrx_word' id='word_1_278' title='bbox 494 4487 626 4562; x_wconf 76' lang='grc' dir='ltr'><strong><em>Καμικοί</em></strong></span> <span class='ocrx_word' id='word_1_279' title='bbox 651 4487 685 4549; x_wconf 81' lang='grc' dir='ltr'><strong>τὸ</strong></span> <span class='ocrx_word' id='word_1_280' title='bbox 710 4483 858 4549; x_wconf 71' lang='grc' dir='ltr'><strong><em>Κωκάλου</em></strong></span> <span class='ocrx_word' id='word_1_281' title='bbox 876 4485 1047 4562; x_wconf 86' lang='grc' dir='ltr'><strong><em>βασίλειον.</em></strong></span> <span class='ocrx_word' id='word_1_282' title='bbox 1082 4485 1168 4574; x_wconf 84' lang='lat' dir='ltr'><strong>Lege</strong></span> <span class='ocrx_word' id='word_1_283' title='bbox 1189 4487 1340 4572; x_wconf 75' lang='grc' dir='ltr'><strong><em>ίξΕλείφ-</em></strong></span> 
     </span>
    </p>
   </div>
   <div class='ocr_carea' id='block_1_8' title="bbox 0 0 1666 5090">
    <p class='ocr_par' dir='ltr' id='par_1_8' title="bbox 0 0 1666 5090">
     <span class='ocr_line' id='line_1_36' title="bbox 0 0 1666 5090; baseline 0 0"><span class='ocrx_word' id='word_1_284' title='bbox 0 0 1666 5090; x_wconf 95' lang='lat' dir='ltr'><strong> </strong></span> 
     </span>
    </p>
   </div>
  </div>
 </body>
</html>
