3348 5086
693 353 754 426 361

136 549 227 616 luisse
250 551 292 616 sic
314 547 463 615 declarat.
499 549 549 614 Ad
573 547 663 614 Iliad.
690 559 715 614 1.
743 545 817 612 191.
842 553 1011 615 annotatur
1033 551 1066 613 in
1092 559 1130 613 A.
1154 547 1316 630 γροέφεπαι

136 657 184 721 καὶ
215 656 361 732 δέΧμενος
391 654 441 720 διδ
470 659 523 718 τοῦ
549 665 584 719 Χ.
634 653 755 719 Eadem
788 655 999 741 discrepantia
1026 653 1104 720 olim
1128 655 1163 718 in
1185 656 1318 741 perfecti

136 761 231 828 torma
252 763 415 828 observata
439 765 496 825 est.
543 759 635 826 Iliad.
661 770 698 824 Θ.
725 759 801 825 296.

307 870 341 933 έιι
364 872 416 932 ποῦ
443 865 478 941 δὴ
502 863 614 942 τόξοισι
639 865 820 944 δεδεγμένος
845 864 955 948 ἄνδρας
982 866 1119 948 ἕναέρεις.

135 975 186 1038 ubi
215 978 399 1039 annotatur:
431 971 523 1046 οὕτως
554 973 587 1038 αἱ
619 973 804 1054 Ἀριςοὶρχον
836 973 886 1038 διδ
918 978 971 1038 ποῦ
1003 973 1258 1058 ΧδεδεΧμένος,
1282 978 1314 1040 et

135 1079 219 1145 Iliad.
245 1091 281 1146 Ψ.
308 1079 386 1147 273.

305 1189 426 1260 ἱππῆας
450 1184 521 1251 τάδ’
544 1183 643 1250 ἄεθλα
668 1183 840 1264 δεδεγμένα
864 1185 944 1250 κεῖτ’
969 1187 998 1250 έν
1022 1187 1128 1264 οὲγῶνι.

134 1294 185 1358 ubi
206 1295 419 1359 Aristonicus:
445 1295 462 1368 ιὶ
488 1293 580 1367 διπλῆ
605 1288 651 1357 ὄπι
674 1291 709 1356 πὸ
734 1290 968 1370 δεδεγμένα
991 1294 1060 1358 cieri
1081 1298 1134 1358 τοῦ
1156 1293 1318 1374 προοδε-

134 1399 298 1481 χέμενιι.
332 1405 364 1465 et
387 1399 566 1486 Didymus:
591 1399 683 1478 διχῶς
709 1400 895 1479 Ἀρέςαρχος
924 1396 1103 1478 δεδεΓμένος
1130 1400 1181 1464 καὶ
1207 1400 1318 1466 δεδεΧ·

134 1505 226 1582 μένος.
282 1508 422 1591 Apparet
456 1527 496 1570 ex
528 1504 591 1571 loci
625 1510 740 1570 natura
781 1510 814 1569 st
848 1506 1024 1570 Aristarchi
1059 1508 1318 1592 interpretatione

132 1612 300 1697 perfectum
332 1612 482 1690 δέδεγμαι
516 1613 687 1695 praesentis
717 1613 871 1697 temporis
907 1619 1055 1677 naturam
1090 1618 1122 1678 et
1155 1617 1318 1679 notionem

127 1719 282 1802 induisse,
306 1725 344 1783 ut
367 1717 527 1796 δεδέξομαι
542 1719 672 1804 futuri,
697 1725 730 1783 et
754 1715 853 1792 δέδεξο
873 1725 1057 1802 praesento,
1083 1725 1121 1784 ut
1145 1725 1177 1785 et
1201 1719 1318 1796 δεδοκη-

135 1823 225 1902 μένος.
251 1827 342 1888 utin
365 1824 461 1891 Iliad.
488 1835 526 1890 Ο.
554 1822 628 1890 730.

443 1927 500 1995 ἔνθ’
525 1929 570 2011 ἄρ’
594 1927 644 2009 ὅγ’
667 1931 769 2006 ε’ςιὶιιει
793 1929 996 2008 δεδοκημένος.

135 2037 165 2101 id
185 2043 232 2102 est
254 2042 436 2118 παρατηρῶν
456 2037 628 2113 edomans,
654 2043 686 2102 et
713 2045 750 2101 E.
775 2035 852 2102 238.

422 2140 507 2208 πένδε
533 2141 560 2207 δ’
585 2145 663 2221 έγιδν
687 2140 814 2208 ἐπιένπα
839 2141 1010 2221 δεδέξομαι.

136 2250 205 2334 quid
229 2249 317 2316 aliud
340 2255 388 2315 est
411 2247 571 2326 δεδέξομαι
595 2270 690 2334 quam
714 2249 852 2334 simplex
865 2247 1039 2334 futurum?
1064 2253 1096 2313 et
1114 2269 1162 2316 vs.
1184 2247 1261 2317 228.

562 2357 592 2431 ἦέ
618 2357 654 2422 οὺ
678 2355 765 2421 τόνδε
785 2354 895 2432 δέδεξο.

137 2483 225 2547 quam
251 2462 347 2529 aliam
372 2465 534 2529 notionem
557 2460 658 2537 δέδεξο
683 2463 782 2529 habet
805 2482 902 2546 quarn
918 2463 1088 2545 praesectis
1113 2459 1319 2547 imperativi?

177 2569 239 2636 Ubi
268 2573 371 2658 igitur
398 2569 520 2655 liquido
544 2575 667 2635 constat
694 2568 842 2649 δέγμενος
874 2589 948 2633 cum
972 2553 1164 2654 compositis
1194 2571 1321 2634 nonnisi

132 2677 292 2759 ριοιεοπιιζι
310 2679 463 2761 temporis
482 2674 747 2763 significationem
767 2677 801 2739 in
820 2695 853 2739 se
872 2677 1031 2740 continere
1052 2678 1182 2760 eiusque
1199 2676 1319 2741 formae

127 2785 319 2848 memoriam
344 2783 384 2847 ab
407 2781 529 2848 idoneis
552 2783 687 2848 testibus
710 2803 775 2847 esse
800 2786 1035 2866 conservatam,
1059 2781 1320 2847 dubitabimusne

138 2891 241 2971 po'c'tae
264 2887 298 2953 id
320 2887 450 2954 tandem
471 2891 638 2954 restituere
661 2888 745 2974 quod
767 2888 849 2954 ratio
871 2888 991 2973 ubique
1014 2885 1147 2954 suadet?

656 3154 801 3224 xcvm

572 3335 676 3404 *HKe
697 3377 739 3387 —
761 3346 883 3404 ΘΗΚΕ.

179 3521 292 3588 llditur
313 3525 348 3587 in
371 3519 512 3609 Odyssea
536 3520 658 3587 duobus
681 3520 759 3586 locis
781 3545 817 3598 μ.
840 3518 917 3587 399.
944 3525 977 3586 et
1002 3545 1027 3586 ο.
1050 3519 1125 3589 477.

269 3629 346 3694 ἀλλ’
371 3625 422 3693 ὅτε
446 3628 480 3705 δὴ
504 3624 634 3709 ἕβδομον
659 3623 742 3706 ἦμαρ
765 3627 814 3692 έπδ
840 3627 916 3699 Ζεὺς
943 3634 1026 3700 Θῆιιε
1050 3627 1186 3707 Κρονίων.

141 3735 322 3802 abhorrete
351 3734 414 3801 loci
437 3737 593 3801 sententia
616 3735 780 3818 ἐπιθεῖναι,
805 3732 860 3799 sed
883 3739 1040 3820 expuncta
1063 3733 1193 3800 literula
1215 3753 1323 3799 emen-

142 3841 292 3908 dandum:
318 3841 367 3905 ε’πδ
392 3840 468 3912 Ζεὺς
486 3837 580 3906 iaus.
606 3837 654 3906 Of.
680 3849 717 3905 K.
743 3837 796 3907 71.

294 3949 371 4020 Ζεὺς
395 3947 445 4013 set
469 3947 692 4027 γιγνομένοισιν
713 3948 784 4012 ‘1e1
809 3945 969 4023 κααέπνπα
994 3947 1137 4029 βαρεῖαν.

142 4049 248 4141 Odyes.
273 4065 311 4120 Σ.
341 4053 416 4119 136.

316 4169 393 4232 ποῖος
418 4160 482 4239 γδιρ
506 4157 567 4232 νέος
593 4159 655 4226 telo
676 4159 856 4238 ’ἐπιχθονίων
879 4161 1037 4240 ἀνθρώπων

317 4261 373 4331 οἷον
397 4267 446 4330 ἐπ’
469 4263 551 4348 ἦμαρ
576 4263 672 4348 ἄγραι
697 4267 799 4345 πατὴρ
824 4267 933 4346 ἀνδρῶν
958 4291 993 4332 πε
1016 4268 1087 4330 θεῶν
1111 4289 1157 4331 πε.

181 4373 271 4439 Nihil
302 4375 387 4439 enim
418 4375 550 4439 interest
580 4374 664 4438 inter
694 4373 827 4450 ἐπάγειν
858 4367 942 4452 ἦμαρ
968 4379 1000 4437 et
1024 4371 1156 4455 ἐφιέναι.
1205 4370 1326 4438 Eadem

145 4479 278 4547 motusic
301 4485 350 4546 est
372 4482 456 4547 inter
478 4478 531 4558 ἧκε
555 4485 587 4546 et
610 4481 682 4556 θῆκε
704 4477 797 4545 Iliad.
823 4487 861 4543 0.
887 4477 965 4548 327.
989 4480 1047 4546 ubi
1066 4481 1100 4543 in
1122 4478 1215 4545 libris
1237 4485 1303 4546 cst:
