3356 5084
878 320 943 390 512

309 525 436 586 πλεῖςον
466 512 613 579 οίποίντυν
644 510 803 593 οῖνίρύπυν
834 507 904 594 εἶχε
933 515 1013 592 νοῦν,
1039 516 1055 590 ἡ
1081 511 1112 579 δέ
1136 511 1266 578 δοκοῦσα
1289 511 1356 597 [καί
1382 513 1503 593 ύποβα-
1531 527 1536 536 “

308 620 437 710 λομένη]
465 624 572 686 πασιῖν
595 615 629 696 ἡν
652 617 844 695 σίνοητοτύτη
869 623 1037 696 γυναικῶν·
1061 622 1078 696 ἡ
1104 619 1160 698 μὲν
1181 619 1244 701 γὰρ
1264 619 1396 686 σῖπέδοτο
1416 621 1504 694 εῦύύς

308 731 486 812 γενόμενον,
519 729 536 803 ἡ
567 725 593 790 δ’
624 723 689 802 έΕδν
720 729 801 810 αύτὴ
835 725 953 804 βελτίω
988 727 1134 807 πρίασύαι
1166 727 1283 803 ταύτης
1318 733 1375 802 τῆς
1409 735 1504 806 τιμὴς

306 841 415 903 τοῦτον
439 832 602 915 ἡρίρασεν.
650 832 763 900 Recita
784 833 866 898 mihi
890 831 998 899 loenm
1016 838 1150 920 utroquo
1170 833 1363 902 emblemate
1381 838 1506 901 remoto

307 949 340 1009 ei
371 940 463 1008 facile
496 944 612 1008 senties
640 961 737 1027 quam
761 961 907 1028 perverse
929 944 962 1005 et
984 941 1120 1027 insipide
1141 945 1278 1027 ,utraque
1300 944 1506 1010 annotatiun-

307 1049 379 1116 oula
402 1048 508 1116 verbis
531 1047 756 1114 Demosthenis
780 1048 968 1114 adhaeserit.

352 1258 432 1347 Pag.
465 1256 541 1323 564.
576 1255 606 1324 6.
642 1258 667 1322 εί
701 1255 757 1335 μέν
781 1255 861 1332 ἕςιν,
885 1252 906 1322 ὦ
931 1253 1035 1337 ἄνδρες
1061 1258 1230 1336 Ἀθηναῖοι,
1253 1257 1289 1322 τὸ
1313 1267 1503 1340 λειτουργεῖν

305 1369 416 1442 τοῦτο,
447 1365 481 1429 τὸ
508 1365 634 1444 έν.ῦμῖν
658 1363 762 1442 λέγειν
787 1365 817 1428 ἕν
841 1363 983 1436 οίπσίσαις
1007 1371 1077 1438 ταῖς
1101 1364 1279 1441 ἐκκλησίαις
1302 1364 1355 1430 καί
1378 1389 1501 1432 παντα-

307 1475 367 1551 χοῦ
396 1519 412 1550 ,,
423 1474 511 1550 ἡμεῖς
537 1473 563 1536 οί
586 1475 850 1552 λειτουργοῦντες,
876 1473 965 1546 ἡμεῖς
990 1471 1015 1535 σί
1038 1470 1283 1554 προεισφέροντες
1305 1471 1390 1558 ὑμῖν,
1411 1474 1503 1552 ἡμεῖς

307 1579 333 1643 οί
365 1575 505 1643 πλούσιοί
536 1576 666 1656 ε’σμεν,”
701 1577 741 1664 [εί
775 1575 809 1640 τὸ
842 1576 885 1642 τίς
910 1581 1042 1642 τοιαῦτα
1067 1575 1169 1656 λέγειν
1190 1579 1275 1643 τοῦτ’
1298 1575 1343 1647 ἔτι
1367 1595 1502 1662 λειτουρ-

308 1687 390 1768 γεῖν]
422 1684 562 1762 ίμολονῦ
595 1683 727 1750 Μειδίαν
758 1682 905 1749 σίτοίντιιν
932 1689 991 1749 τῶν
1023 1684 1053 1747 έν
1088 1693 1127 1767 τὴ
1161 1683 1250 1751 πίλει
1278 1683 1504 1766 λαμπρύτατον

308 1790 509 1870 γεγενῆσθαι.
556 1790 686 1878 Frigido
715 1794 748 1855 et
777 1792 884 1877 inopie
916 1793 1052 1877 repetita
1082 1791 1172 1858 video
1194 1811 1274 1877 quae
1295 1794 1406 1878 paneis
1430 1799 1505 1860 ante

308 1899 453 1965 versibus
474 1895 594 1962 melius
617 1903 650 1962 ei
673 1899 776 1963 aerius
799 1897 934 1964 dixerat.
981 1898 1033 1962 An
1055 1897 1135 1963 forte
1157 1898 1323 1964 metuebat
1345 1921 1385 1964 ne
1409 1899 1504 1966 obliti

309 2001 432 2070 essent?
478 2003 582 2070 Nemo
612 2009 758 2071 nostrum
788 2004 865 2069 haee
897 2010 965 2069 tam
996 2002 1115 2068 insulso
1145 2006 1360 2089 repetii-isset,
1386 2011 1419 2072 eb
1441 2006 1505 2073 De·

308 2111 510 2178 mosthenem
533 2111 593 2176 hoo
616 2111 727 2176 fecisse
751 2106 923 2196 putemus?
1039 2131 1049 2151 ·

354 2320 434 2410 Pag.
468 2317 544 2386 667.
578 2319 609 2386 1.
644 2319 747 2394 έπειδὴ
780 2301 818 2384 δὲ’
839 2321 1061 2399 πολιορκεῖσθαι
1086 2319 1156 2393 τοὺς
1183 2321 1213 2384 έν
1236 2320 1402 2400 Ταμύναις
1425 2347 1502 2403 ςρα-

310 2427 424 2500 τιύτας
470 2424 730 2505 έξηγγέλΛΕΤΟ
771 2425 824 2490 καί
860 2423 983 2498 ποίντας
1020 2424 1130 2502 ἐξιέναι
1150 2465 1190 2474 -
1209 2427 1450 2507 προεβούλευσεν
1485 2431 1502 2506 ἡ

309 2535 420 2613 βουλὴ.
468 2531 680 2599 Tralatieinm
703 2534 823 2599 vidium
846 2532 952 2618 vides,
975 2533 1200 2620 imperfectum
1219 2539 1328 2600 contra
1346 2537 1393 2601 rei
1410 2541 1503 2602 natu·

307 2663 379 2708 ram
402 2661 459 2728 pro
481 2637 802 2726 plusquamperfecto.
851 2637 1038 2727 Legendum
1061 2641 1147 2706 enim
1171 2638 1395 2719 έξὴηρεΛΤΟ.

354 2852 435 2940 Peg.
461 2847 535 2916 567.
562 2846 617 2914 28.
639 2847 758 2921 ἐπιδούς
779 2848 880 2928 τριὴρη
899 2885 940 2898 -
960 2849 1015 2923 τὴν
1035 2849 1092 2928 μέν
1112 2849 1271 2934 [ἐπίδοσιν]
1291 2889 1332 2898 -
1352 2859 1503 2932 παρεῖχον

308 2957 463 3024 πλέουσαν
497 2965 535 3039 τῇ
560 2953 657 3020 πόλει.
708 2952 843 3019 Summo
866 2955 934 3020 iure
957 2955 1123 3021 Bekkerus
1149 2956 1413 3022 absurdissimum
1438 2979 1503 3024 em-

307 3064 415 3132 blema
438 3065 541 3130 eiecit.
577 3060 669 3127 Nihil
694 3062 848 3126 sentiebat
872 3064 928 3146 qui
949 3062 989 3128 ad
1008 3065 1063 3137 τὴι
1083 3063 1140 3142 μέν
1161 3064 1350 3150 opinabatur
1369 3064 1502 3130 ἐπίδοσιν

308 3191 374 3237 esse
397 3169 622 3257 supplendum.

353 3379 432 3468 Peg.
460 3375 536 3444 666.
565 3375 595 3442 6.
621 3375 720 3442 καίτοι
740 3378 795 3452 τὴν
820 3375 965 3453 τοιαύτην
987 3381 1187 3463 τριηραρχίαν
1212 3377 1336 3461 πίτερον
1354 3419 1395 3430 -
1414 3396 1502 3446 λιπο-

309 3485 443 3566 ταΕίΛΝ
476 3485 529 3550 καί
558 3485 704 3564 ςρατείας
728 3482 897 3563 οίπίδρασιν
923 3483 975 3549 καί
1001 3484 1107 3551 ποίντοι
1132 3488 1174 3552 τίς
1198 3491 1329 3552 τοιαῦτα
1353 3485 1501 3568 ἁρμόττει

307 3573 416 3660 καλεῖν
447 3591 464 3667 ἡ
497 3590 698 3674 Φιλοτιμίαν;
723 3589 795 3656 Non
820 3594 867 3655 eat
891 3591 1084 3658 vocabulum
1109 3591 1269 3661 Graecum
1293 3596 1309 3670 ἡ
1332 3593 1504 3672 λιποταξία

307 3701 362 3767 sed
393 3697 444 3765 rb
458 3695 654 3774 λιποτάξιον,
686 3697 778 3762 euius
810 3695 930 3762 formae
953 3696 1093 3783 plurima
1116 3704 1191 3765 suni
1213 3701 1318 3765 αῖτιῶν
1347 3697 1503 3784 ύνύματα,

298 3805 411 3875 'vainei
434 3804 565 3883 οῖδίκιον,
592 3802 750 3883 σίηοίμιον,
778 3802 973 3882 κακοηοίμιον
997 3809 1030 3870 oi
1053 3804 1173 3872 similia
1195 3807 1290 3872 hisce.

352 3909 539 3988 Λιποτιίξισν
572 3909 673 3977 semel
705 3916 737 3976 et
768 3913 885 3977 iterum
911 3932 1006 3997 supra
1031 3912 1196 3979 emendate
1221 3916 1376 3999 seriptum
1400 3917 1503 3978 estet

308 4021 472 4088 verissime
495 4017 586 4084 docet
610 4015 723 4082 Aelius
746 4016 920 4105 Dionysius
940 4019 970 4081 έν
992 4025 1055 4090 τοῖς
1076 4023 1231 4091 Ἀττικοῖς
1254 4017 1397 4098 ίνίμασιν
1420 4018 1502 4105 apud

309 4125 494 4192 Bekkernm
518 4125 629 4188 Αιιοού.
654 4143 728 4211 pag.
754 4121 830 4188 436.
858 4121 887 4190 3.
912 4123 1156 4193 Ἀποτοίσιον
1181 4125 1234 4190 καὶ
1258 4125 1502 4206 λιτιςρύτιον

309 4231 361 4297 καὶ
386 4228 492 4294 ποίντα
516 4229 558 4294 τοὶ
582 4235 714 4294 τοιαῦτα
738 4229 897 4307 οὐδετέρως
922 4229 1182 4313 σχηματίζουσιν.
1233 4229 1409 4297 Emendate
1430 4231 1502 4296 sori·

308 4339 397 4404 bitur
426 4335 510 4421 apud
538 4334 760 4423 Thucydidem
793 4336 817 4402 I.
851 4334 904 4402 99.
937 4336 1133 4419 aenesidemo
1166 4338 1193 4403 εί
1214 4364 1256 4420 τῳ
1283 4336 1424 4417 ἐγένετο,
1449 4335 1501 4402 sed

310 4441 459 4511 mendose
488 4438 543 4507 Vi.
576 4438 628 4507 76.
660 4440 731 4514 τοὺς
764 4441 821 4520 μέν
852 4443 1095 4525 λιποςρατίΑΝ,
1120 4445 1190 4520 τοὺς
1222 4445 1249 4510 δ’
1276 4444 1323 4510 ἐπ’
1346 4442 1500 4520 σῖλλὴλους
