3356 5086
879 329 945 402 282

312 523 446 594 mtoulis
468 525 659 611 quibusdem
682 528 864 610 conspersit.
910 526 998 592 suti
1020 527 1097 612 quid
1120 529 1239 594 soribot
1258 549 1332 616 pag.
1351 526 1390 595 V.
1437 522 1500 606 „Is

312 633 460 698 rerlleudr'
489 632 582 695 modis
611 653 677 694 eum
705 653 791 714 saepe
816 630 945 714 palude
976 640 1050 697 esset
1072 635 1180 698 loeeue
1202 657 1243 698 ou
1265 635 1323 698 illa
1338 641 1502 718 poneretur

314 740 433 814 littera,
466 759 528 801 eom
550 737 627 821 sere
657 758 769 821 quoque
791 737 853 799 loeo
873 738 960 819 positi
982 762 1055 823 quae
1077 763 1097 802 o
1110 740 1258 823 finitimis
1281 749 1308 804 et
1323 738 1503 825 propinquis

306 845 423 932 sororis
435 843 571 926 proxime
587 843 707 907 abesset.
741 843 795 909 Sia
813 844 892 928 quod
910 845 997 924 ιίφίει
1015 847 1197 910 scribebatur
1211 868 1267 930 pro
1286 847 1383 926 νίφίη,
1411 845 1501 909 ἐτίθει

310 973 369 1035 pro
401 950 501 1022 tritus
532 949 626 1013 ἐδίδου
651 971 710 1032 pro
741 949 842 1027 ἑδίδυ,
866 950 991 1034 saelum
1020 959 1062 1016 eal
1092 975 1192 1017 errore
1220 975 1318 1018 eorum
1345 952 1414 1038 qui,
1438 971 1502 1014 eum

309 1056 442 1141 priscam
469 1055 672 1118 litteraturam
701 1053 806 1117 Iouiea
835 1062 999 1133 mutarent,
1023 1080 1083 1122 mom
1105 1063 1312 1134 meminerunt,
1337 1057 1504 1143 quoderat

316 1170 417 1229 ΑΦΙΕ
450 1169 578 1225 εΤιΘΕ
610 1169 762 1236 ΕΔΙΔΟ,
793 1180 884 1245 posse
909 1168 1032 1247 utroque
1053 1164 1136 1227 modo
1159 1164 1236 1247 lepi,
1260 1164 1427 1228 deberem
1451 1162 1504 1246 qm'

316 1273 433 1333 tertiam
464 1289 484 1330 a
511 1270 628 1349 prima,
662 1265 842 1346 simpularem
873 1291 892 1330 a
914 1267 1053 1352 plurali,
1084 1269 1280 1334 indicativum
1309 1269 1346 1332 al
1373 1268 1505 1352 optativo

314 1373 474 1458 partieipio
495 1373 646 1456 infinitivo
669 1395 756 1457 quom
778 1372 898 1436 minime
919 1373 1128 1438 alstraleret''.

362 1477 448 1545 Setis
471 1479 581 1542 mirari
604 1478 664 1542 hoo
686 1477 825 1542 Bekkeri
847 1479 1003 1544 iuditium
1027 1499 1157 1564 nequeo.
1192 1475 1368 1544 Constituit
1386 1478 1506 1544 formas

318 1595 440 1652 veteres
469 1604 531 1648 non
562 1603 601 1648 ex
632 1580 825 1650 Graecorum
856 1603 941 1650 certo
970 1590 1184 1671 perpetuoque
1214 1607 1276 1650 usu
1298 1583 1352 1650 sed
1374 1603 1413 1648 ex
1438 1585 1505 1648 suis

319 1693 537 1777 opinionibus,
568 1709 648 1774 quae
678 1689 807 1774 quidem
835 1711 910 1754 aum
933 1691 1039 1756 stabili
1064 1689 1254 1757 Graecitatis
1277 1687 1505 1756 consuetudine

319 1805 426 1883 oporte
454 1804 616 1883 pugnant,
647 1795 850 1880 obtruditquo
878 1794 1020 1861 Homero
1050 1795 1166 1861 formos
1192 1799 1325 1862 minime
1348 1792 1504 1876 Graecas,

318 1905 435 1988 quibus
453 1921 554 1986 neque
572 1900 732 1966 Homerus
749 1921 851 1986 neque
868 1900 982 1966 Ionum
1002 1900 1055 1967 vel
1072 1902 1313 1968 Atheniensium
1333 1902 1504 1985 quisquam

318 2027 473 2092 umquam
497 2013 545 2072 est
569 2026 654 2071 usus.

363 2112 541 2198 Proponom
572 2114 714 2196 primum
747 2110 865 2176 formes
897 2112 1066 2178 verborum
1095 2112 1217 2190 τίθημι,
1251 2109 1316 2188 ίημι
1341 2123 1374 2178 et
1397 2111 1505 2186 δίδωμι

319 2217 460 2284 Homero
483 2237 556 2283 oum
576 2217 822 2282 Atheniensibus
842 2237 1036 2282 communes.
1067 2221 1175 2283 Attiou
1194 2227 1224 2283 et
1245 2217 1417 2284 Homerico
1431 2221 1508 2281 sunt

364 2325 469 2400 τίθημι
494 2326 585 2393 τιθείς
611 2325 719 2396 τίθησι.
765 2323 863 2394 ἐτίθην
887 2325 991 2394 ἐτίθεις
1017 2326 1118 2390 ε’τίθει.
1165 2326 1374 2410 imperativus
1397 2323 1482 2388 τίθει.

363 2429 429 2505 ίημι
453 2431 508 2500 ἱείς
532 2425 602 2500 ίησι.
651 2425 696 2500 ίην
719 2425 772 2498 lere
797 2427 845 2492 ίει.
892 2431 1101 2514 imperativus
1124 2428 1171 2496 ίει.

363 2536 470 2611 δίδωμι
501 2533 583 2604 δίδυι
608 2533 719 2600 δίδωτι.
766 2533 875 2598 ἐδιδιυν
899 2535 1009 2605 ἕδίδιυι
1032 2537 1135 2600 ἐδίδου.
1180 2538 1391 2620 imperativus
1413 2536 1503 2600 δίδιυ.

364 2638 463 2706 Nulla
493 2637 557 2704 alio
586 2638 688 2703 forms
714 2651 836 2724 praeter
859 2640 916 2704 hes
940 2640 1022 2706 solos
1045 2644 1212 2726 scriptores
1234 2643 1334 2706 Attici
1358 2647 1502 2705 utuntur.

318 2745 363 2814 Ut
394 2749 499 2831 primo
526 2767 636 2827 semper
666 2751 713 2810 eet
742 2746 860 2821 τίθημι,
893 2749 938 2812 sio
969 2745 1105 2810 seeundo
1136 2748 1203 2811 sine
1229 2745 1297 2811 ullo
1319 2749 1503 2830 exceptione

316 2859 494 2920 constanter
517 2857 565 2918 eet
588 2855 700 2916 τιθΕίί
728 2851 867 2936 (τιθείς),
890 2871 952 2916 non
975 2854 1079 2928 τίθης,
1104 2859 1137 2917 et
1160 2855 1254 2916 tertia
1276 2854 1402 2925 τίθησιν.

362 2957 481 3023 Eadem
514 2958 661 3021 omnibus
691 2961 739 3021 est
767 2958 801 3020 in
832 2957 1018 3043 imperfecto
1048 2960 1239 3024 oonstentis:
1271 2957 1416 3033 ἐτίθΗΝ,
1450 2956 1505 3022 sed

316 3063 467 3137 ἐτίθεις,
493 3063 614 3133 ἐτίθει.
640 3064 729 3126 etin
753 3064 943 3146 imperativo
965 3064 1052 3128 τίθει.

363 3167 522 3234 Similiter
552 3170 586 3232 in
617 3164 683 3241 ίημι
717 3165 871 3250 (ξυνίημι,
905 3169 1043 3248 ἀφίημι,
1072 3167 1195 3243 ιίνίηιιι,
1231 3169 1368 3248 erpoinus)
1398 3169 1504 3252 prima

317 3295 379 3340 non
410 3273 474 3339 ulis
504 3279 552 3340 est
583 3294 679 3358 quom
711 3271 797 3351 ίημι,
829 3271 969 3349 ξυνίημι,
1001 3281 1081 3340 ooet.
1113 3273 1250 3338 seeundo
1279 3294 1403 3358 semper
1427 3275 1502 3350 ίεῑς,

317 3381 444 3458 ξυνιείς,
469 3381 581 3457 μεθιεῖς
607 3383 681 3466 (non
704 3377 782 3460 ίης),
807 3385 839 3446 et
863 3381 956 3444 tertia
978 3379 1096 3464 ubique
1114 3377 1195 3457 ίησι,
1217 3380 1350 3454 ἐφίητι.
1370 3379 1504 3459 προΐησι,

318 3499 351 3553 et
377 3489 411 3551 in
440 3485 626 3572 imperfecto
658 3484 704 3560 ίην
734 3483 813 3551 lete
838 3481 908 3561 ίΕΙ,
932 3485 1041 3563 ξυνίει,
1065 3487 1162 3562 ιίνίει,
1187 3486 1284 3563 μεθίει
1308 3505 1382 3550 oum
1404 3488 1506 3570 impe·

317 3596 421 3658 rotivo
445 3591 491 3658 ίει.

363 3696 521 3764 Similiter
552 3699 657 3766 solum
688 3701 793 3778 δίδωμι
820 3703 854 3765 in
877 3720 937 3765 usu
962 3705 1009 3766 est
1032 3705 1065 3765 et
1087 3698 1172 3771 δίδως
1197 3705 1228 3765 et
1250 3699 1368 3782 διδωσι,
1393 3697 1448 3764 sed
1471 3702 1507 3763 in

317 3805 503 3890 imperfecto
533 3807 600 3870 sine
630 3809 783 3872 varietate
813 3806 983 3882 ἐδίδοϊΝ,
1016 3805 1161 3872 ἐδίδοτε
1192 3813 1224 3872 et
1248 3805 1390 3882 ἐδίδοτ,
1415 3812 1449 3870 et
1471 3807 1507 3870 in

318 3911 509 3996 imperativo
533 3910 623 3976 δίδου.

363 4015 490 4104 Lingua
509 4013 698 4100 Homerios,
719 4023 756 4081 ut
776 4015 909 4090 essolet,
929 4016 1039 4082 formis
1057 4016 1217 4082 nonnullis
1237 4022 1285 4082 est
1307 4015 1505 4101 loeupletior.

318 4119 436 4188 Omnes
464 4121 561 4187 hebet
591 4121 708 4186 formos
739 4123 877 4190 Atticas.
910 4123 964 4188 sed
994 4129 1153 4209 praetereo
1181 4122 1279 4187 habet
1312 4124 1418 4201 τιθείς,
1451 4123 1508 4188 sed

319 4231 416 4294 etism
440 4229 585 4292 τιθείσθυ.
610 4227 706 4292 habet
729 4231 827 4302 τίθησι
851 4229 905 4294 sed
928 4231 1025 4293 etium
1048 4231 1132 4294 τιθεῖ.

362 4330 416 4399 sic
438 4335 472 4397 in
495 4331 562 4412 ίημι
587 4333 683 4398 hebet
706 4329 766 4407 ίησι
791 4333 965 4400 sedetiam
989 4335 1039 4400 ίεί.

363 4437 401 4506 In
421 4438 518 4504 uerbo
540 4439 646 4518 δίδωμι
668 4439 767 4506 hsbm
789 4441 899 4507 omnis
919 4439 1030 4506 eodem
1048 4443 1172 4524 prseter
1191 4437 1297 4526 tote,
1316 4439 1401 4525 quod
1420 4439 1506 4528 apud
