3348 5086
708 387 773 458 399

158 581 306 668 (numque
329 580 440 646 sodsm
462 581 545 647 redit
569 580 619 646 ἐπὶ
643 585 717 654 νῆας
741 583 774 646 et
795 581 881 662 προτὶ
906 581 994 672 νῆας)
1020 581 1075 649 sed
1095 581 1249 648 metrum.
1285 576 1348 645 Its·

156 709 216 776 quc
247 693 417 774 postquam
447 685 547 753 semel
576 685 700 773 liquido
731 689 889 753 constabit
918 690 996 756 hssc
1026 692 1061 754 in
1092 687 1185 753 libris
1207 688 1292 752 inter
1315 706 1348 751 se

155 797 330 882 permutari
360 792 478 871 solers,
509 793 621 860 licebit
649 793 780 860 fortasse
803 794 843 859 ad
863 798 960 862 metri
982 795 1090 862 lsbsm
1113 793 1288 860 tollendam
1312 812 1348 858 co

154 901 293 970 remedio
325 902 376 965 uti
404 906 442 965 ut
463 921 520 986 pro
547 899 755 966 resaisiri
778 901 812 964 in
836 903 924 982 προτί
948 905 1152 969 convertatur
1173 907 1206 964 et
1229 905 1347 965 contrs.

199 1009 292 1076 Nunc
315 1005 453 1073 Homeri
473 1005 559 1072 locos
586 1007 793 1091 inspiciamus
817 1016 853 1072 K.
881 1005 957 1075 347.

337 1113 400 1179 αίεί
423 1136 477 1190 μιν
501 1113 551 1178 ἐπὶ
577 1121 651 1189 νῆας
676 1113 739 1178 ἀπὸ
763 1113 915 1195 τρατίΦιν
939 1121 1144 1196 προτιιιιλείν.

201 1221 378 1309 Didymus:
405 1218 592 1301 Ἀρίταρχος
618 1218 682 1285 ἐπὶ
709 1227 806 1295 νῆας
830 1221 899 1286 οίντι
921 1225 975 1287 τοῦ
997 1219 1089 1285 ποτὶ
1114 1225 1226 1294 κῆας.

200 1339 237 1395 Κ.
262 1326 339 1394 336.
374 1325 418 1405 βιῑ
442 1326 469 1393 δ’
492 1324 568 1391 ίέναι
592 1323 679 1407 προτὶ
704 1333 789 1401 νῆας.

200 1432 370 1502 scholium
396 1432 446 1497 ἐπὶ
470 1439 563 1508 ccicc:
587 1430 749 1515 γριίΦεται
773 1432 890 1513 προτί
916 1441 1026 1510 υῆαι.

200 1551 239 1610 K.
265 1539 342 1606 281.
379 1538 428 1611 δὸς
451 1538 483 1604 δὲ
506 1537 603 1604 ποίλιν
626 1537 677 1603 ἐπ)
702 1545 838 1613 νῆας-
857 1539 1037 1622 οὶφικὲοίαι.

202 1657 248 1714 Ω.
271 1644 347 1712 199.
383 1644 462 1709 κεῖτ’
485 1643 561 1710 ἱέναι
585 1643 636 1709 ἐπὶ
661 1653 756 1720 νῆας·

269 1750 346 1817 289.
383 1749 496 1831 ὀτρύνει
521 1749 571 1816 ἐπὶ
597 1759 682 1825 νῆας.

273 1856 351 1924 295.
387 1857 429 1937 τῷ
454 1855 577 1928 πίσυνος
601 1855 652 1921 ἐπὶ
675 1864 748 1931 νῆας
774 1855 830 1938 isc.

270 1961 348 2031 313.
382 1963 424 2044 τῷ
448 1962 570 2036 πίσυνος
595 1963 646 2028 ἐπὶ
669 1961 748 2039 αἶαν’
769 1961 815 2030 ίιο.

202 2074 229 2139 b.
255 2069 332 2138 779.
355 2070 400 2150 βῆ
424 2069 450 2132 δ’
475 2067 549 2134 ἱέναι
575 2069 624 2134 ἐπὶ
650 2075 716 2142 νῆα.
742 2093 771 2134 ιι.
798 2066 876 2135 407.
899 2092 935 2148 μ.
962 2065 1037 2136 867.

155 2183 191 2246 in
213 2179 264 2245 his
288 2176 437 2243 omnibus
459 2178 608 2242 restitues
630 2181 772 2242 metrum
794 2175 959 2243 scribendo
983 2173 1069 2254 προτί
1094 2181 1187 2261 νῆας,
1209 2183 1266 2250 νῆα
1279 2161 1292 2252 ,’
1312 2180 1352 2240 ut

158 2291 242 2352 recte
265 2282 415 2350 scribitur
436 2289 475 2346 Ο.
496 2279 575 2348 295.
599 2279 674 2347 305.
696 2283 766 2348 ποτὶ
789 2289 872 2357 νῆας.
902 2291 940 2348 Η.
962 2280 1038 2348 310.
1063 2278 1136 2361 ἦγον
1156 2281 1242 2364 προτὶ
1263 2283 1349 2352 ιοὶςυ.

158 2401 196 2458 Η.
220 2388 275 2456 83.
300 2387 370 2455 οίτιι
393 2388 481 2472 προτί
505 2389 607 2457 Ἑίλιον
631 2388 712 2470 ίριίν,
737 2393 770 2455 st
792 2387 865 2454 aliis
887 2387 974 2454 locis.

202 2497 309 2580 Facile
333 2517 417 2563 nunc
441 2495 605 2562 emendari
626 2497 745 2582 poterit
768 2493 857 2560 locus
879 2505 918 2560 A.
943 2492 1019 2560 609.

409 2601 487 2673 Ζεὺς
511 2601 542 2668 δὲ
562 2603 633 2684 πρὸς
658 2600 703 2668 τὸν
726 2599 819 2681 λέχος
841 2601 887 2678 ἤϊ’
912 2602 1099 2680 Ὀλύμπιος.

158 2714 323 2778 imovero
347 2707 424 2781 Ζεὺς
445 2709 472 2774 δ’
496 2709 560 2774 ἐπὶ
585 2709 629 2776 τὸν
654 2705 760 2788 λέχος.

631 2916 704 2981 Ἐπὶ
729 2953 770 2966 -
797 2916 878 2981 ποτί.

207 3034 243 3092 Φ.
268 3023 345 3092 426.

428 3130 469 3194 τὼ
493 3129 549 3207 μὲν
571 3125 621 3208 ἄρ’
646 3125 744 3210 ἄμφω
770 3135 867 3193 κεῖντο
891 3124 942 3192 ἐπὶ
968 3126 1066 3208 χθονί.

205 3237 390 3306 Scholium:
415 3234 577 3316 γράφεται
603 3233 695 3299 ποτὶ
717 3235 846 3315 χίονί.

206 3346 231 3412 ί.
262 3341 339 3413 378.

344 3449 508 3532 ὠρχείσθην
531 3447 566 3525 δὴ
592 3448 703 3514 ἔπειτα
726 3448 797 3515 ποτὶ
820 3447 906 3529 χίονὶ
930 3447 1163 3532 πουλυβοτείρῃ.

206 3585 243 3636 ρο.
272 3555 349 3624 191.

319 3665 420 3742 ιίδαεν
444 3664 470 3729 δ’
494 3661 571 3730 isos
595 3660 724 3741 γένηται
751 3659 800 3725 ἐπὶ
826 3659 909 3741 χθονί
934 3658 1165 3741 πουλυβοτείρῃ.

161 3771 251 3838 vides
274 3771 357 3837 nihil
378 3775 530 3838 interesse
552 3773 636 3836 inter
659 3767 728 3834 rori
754 3767 839 3848 χθονί
865 3771 898 3832 ct
922 3766 973 3832 ἐπὶ
992 3766 1088 3846 χθονί.
1111 3764 1195 3850 quod
1213 3771 1355 3832 mctrum

163 3877 288 3966 flagitat
310 3877 345 3942 id
368 3881 506 3964 ponitur.

208 4085 304 4154 Κατιί
326 4092 359 4154 ct
381 4086 455 4153 πντί
477 4083 607 4152 confusa
628 4089 704 4150 sunt
727 4095 760 4154 Ξ.
786 4080 862 4151 173.
912 4081 1054 4171 Vulgata
1076 4081 1172 4148 lectio
1194 4088 1278 4149 crat:

344 4197 398 4259 τοῦ
422 4193 474 4258 καί
501 4190 663 4270 κινυμένοιο
689 4190 761 4263 Διὸς
785 4190 856 4255 ποτὶ
881 4188 1087 4271 χαλκοβατὲς
1116 4188 1155 4252 δῶ

345 4298 446 4380 ἔμπης
471 4300 501 4372 ἐς
526 4297 624 4379 γαῖοίν
648 4321 684 4362 τε
709 4297 761 4363 καὶ
786 4297 906 4378 οὐρανὸν
930 4292 1008 4362 ἵκετ’
1033 4296 1149 4373 αὗταί.

208 4406 411 4473 Aristarchus
440 4406 623 4472 emendavit
653 4403 738 4469 κοντοί
770 4425 827 4488 pro
856 4403 939 4468 ποτί.
989 4401 1167 4489 Didymus:
1199 4401 1356 4480 γραπτέον

162 4516 200 4586 ὥς
225 4515 411 4596 Ἀρίταρχος
435 4521 552 4578 ΚΑΤΑ
577 4509 850 4594 χαλκοβατὲς
876 4509 932 4575 δῶ.
956 4509 969 4574 ὃ
992 4507 1056 4588 γαρ
1076 4504 1186 4585 Λόγος·
1208 4503 1242 4572 οὗ
1264 4531 1356 4573 κινου-
