3296 5104
698 333 738 402 ll

151 519 220 591 Fol.
246 521 313 592 532
336 524 373 591 V.

380 631 448 711 περὶ
472 637 531 696 τῶν
553 631 630 712 πρὸσ
654 630 840 713 άλέξανδρνν
864 633 1021 706 συνθηκῶν.

103 735 240 824 explieit
262 735 317 803 fol
343 733 410 803 583
432 743 519 804 reato
540 740 575 804 in
597 736 660 804 tine
682 739 734 804 hia
756 738 879 804 vorbis:

427 841 560 926 ἔρχομαι
584 850 642 909 τῶν
666 843 752 910 κατά
776 843 840 909 τάσ
864 843 953 918 evadi

428 973 508 1016 κασ·
533 947 579 1019 ἔτι
602 951 667 1031 γάρ
691 947 912 1030 γεγραμμένον

105 1057 143 1120 in
166 1054 245 1122 folio
268 1055 380 1122 eodem
402 1077 494 1124 verso
516 1077 632 1122 manus
655 1076 762 1124 reeens
786 1055 960 1123 admodum
979 1055 1142 1144 suppleuit
1160 1055 1304 1122 eiusdem

106 1163 262 1228 orationis
283 1159 406 1248 reliqua
428 1160 482 1228 ἐάν
504 1185 588 1228 τινεσ
611 1161 676 1227 τάσ
699 1162 864 1228 πσλιτείασ
888 1163 953 1228 xri.

635 1404 712 1494 (lap.
744 1405 785 1474 ΙΙ.

214 1589 265 1657 Du
287 1605 380 1657 noers
403 1605 589 1666 oumusmu
610 1607 696 1656 arun
719 1589 966 1658 Drusorum
987 1605 1202 1657 mmmmm.

161 1801 292 1890 Olynth
318 1802 343 1868 Ι.
367 1823 441 1892 pag.
469 1802 522 1869 10.
546 1801 578 1868 2.
603 1804 702 1888 copiae
719 1803 952 1890 quamprimum
968 1804 1180 1888 comparandae
1197 1825 1305 1884 σμασι,

113 1912 237 1997 inquit,
269 1931 345 1996 quoae
378 1909 529 1995 Olynthiis
551 1932 630 1994 opem
643 1910 758 1997 ferant
782 1917 811 1975 et
833 1910 1005 1976 uidendam
1028 1911 1219 1992 έσραιέσιιιικ,
1243 1909 1309 1988 tro

113 2017 209 2082 ταῦτ’
244 2017 307 2095 ἐρεῖ
333 2014 386 2080 καὶ
417 2015 551 2096 παρέω-αι
580 2023 646 2088 τοῖς
677 2015 882 2098 πράγμασιν,
915 2017 953 2088 ως
985 2014 1030 2085 ἔτι
1063 2015 1188 2095 μάλιτα
1220 2019 1309 2082 ταῦτα

115 2121 181 2196 δέοι
212 2125 257 2202 μη
289 2125 459 2201 πανοῦργος
483 2119 522 2186 ὢν
545 2122 598 2186 καὶ
623 2121 715 2196 δεινὸς
740 2119 890 2202 άνέρωπσς
914 2121 1084 2203 πράγμασι
1106 2124 1240 2203 χρῆσθαι
1265 2158 1307 2171 -

116 2237 339 2296 Treuirum
364 2226 417 2292 καὶ
443 2227 695 2308 παρασπάσηταί
717 2252 747 2294 τι
770 2235 829 2295 τῶν
852 2224 929 2295 άλων
952 2226 1161 2309 πραγμάτων.

162 2335 343 2402 Haeremus
365 2354 474 2400 omnes
492 2337 528 2400 in
545 2333 716 2418 τρέψηται,
735 2335 820 2423 quod
839 2355 940 2422 quum
959 2337 1003 2401 sit
1020 2338 1088 2401 sine
1100 2335 1312 2401 controversia

119 2447 321 2528 corruptum,
341 2459 435 2508 nemo
455 2439 558 2508 adhue
577 2440 754 2528 quidquam
771 2445 912 2529 repperit
930 2441 1015 2528 quod
1026 2441 1126 2508 simul
1137 2442 1311 2508 sententiae

119 2546 395 2616 accommodatum
427 2551 509 2612 esset
531 2552 564 2613 et
586 2545 729 2633 aliquam
752 2546 986 2634 probabilitatis
1007 2551 1146 2634 speeiem
1168 2547 1308 2615 haberet.

119 2654 307 2742 Requiritur
334 2651 503 2719 manifesto
534 2652 688 2732 verbum,
713 2655 748 2718 in
770 2673 832 2740 quo
855 2652 1041 2737 calliditatis
1064 2657 1097 2719 at
1119 2656 1219 2720 astuti

119 2759 247 2828 subdoli
267 2757 412 2845 Philippi
433 2761 521 2826 notio
544 2761 639 2825 insit:
663 2761 772 2846 itaquo
794 2759 914 2842 ΚΛέψη
932 2783 967 2825 τε
986 2759 1039 2826 καὶ
1061 2759 1314 2839 παρασπάσηταί

120 2891 151 2933 τι
173 2855 416 2934 emendandum.
451 2863 548 2931 Vides
567 2884 665 2950 quam
684 2864 851 2932 commode
870 2865 1015 2931 κλέπτειν
1034 2868 1315 2947 atrabensem!

122 2999 151 3040 τι
185 2975 420 3060 coniungantur
454 2976 487 3037 et
514 2974 629 3037 notum
661 2977 709 3038 est
737 2971 883 3059 Philippi
904 2971 1007 3038 malas
1028 2977 1111 3042 artes
1134 2977 1167 3040 et
1189 2973 1315 3041 fraudes

123 3079 299 3159 κλέμματα
329 3075 483 3164 appellari
513 3075 629 3156 solere,
659 3082 698 3142 ut
718 3098 793 3166 pag.
817 3075 903 3157 236,
929 3077 960 3145 2.
984 3077 1019 3142 τὸ
1043 3085 1158 3160 πρῶτον
1182 3079 1313 3160 κλέμμα

124 3188 180 3264 μέν
212 3184 390 3260 Φιλίππων,
422 3182 614 3266 δωροδόκημα
648 3183 680 3250 δέ
708 3189 769 3249 τῶν
799 3182 910 3250 dalem
939 3183 1055 3249 τούτων
1079 3186 1239 3265 άνέρῶπων
1261 3186 1314 3252 καὶ

127 3295 202 3366 θεοῖς
232 3293 354 3373 ἐχθρῶν.
401 3287 455 3355 Sic
485 3291 594 3355 omnia
623 3291 745 3376 optimo
774 3290 957 3375 procedunt.
1005 3290 1159 3357 Mittenda
1188 3291 1316 3374 έιραιὶσ,

125 3400 248 3485 inquit,
271 3419 347 3484 quae
375 3395 529 3478 Olynthios
542 3395 651 3482 faeiat
674 3395 813 3462 certiores
836 3395 955 3461 amab
976 3396 1051 3481 ηιιέσ
1073 3397 1191 3463 decreta
1208 3419 1270 3464 esee
1289 3407 1318 3464 et

126 3527 190 3569 αισα
220 3503 350 3590 adfore,·
373 3522 413 3568 ex
435 3520 500 3587 qua
520 3521 555 3567 re
579 3500 680 3567 simul
702 3500 826 3588 liquido
850 3508 980 3589 apparet
1000 3501 1082 3570 hano
1104 3524 1171 3570 essa
1186 3505 1317 3590 prim

126 3609 349 3676 Demosthenis
371 3606 411 3673 de
433 3605 597 3693 Olynthiis
620 3609 814 3688 orationem,
835 3609 986 3694 quoniam
1005 3606 1153 3696 Dionysii
1173 3609 1319 3677 Halicar-

127 3718 282 3782 nassensis
300 3733 403 3781 errore
422 3715 635 3780 controversia
653 3712 811 3800 quaedam
828 3712 867 3781 de
883 3715 997 3780 harum
1018 3718 1198 3782 orationum
1210 3717 1319 3783 ordina

128 3829 201 3889 nata
234 3827 293 3888 ost.
339 3817 491 3888 Nondum
526 3820 668 3886 solebant
705 3818 855 3907 Olynthii
884 3820 1133 3888 Atheniensibus
1162 3821 1320 3909 placuisse

130 3929 190 3994 sibi
230 3928 312 3994 ferre
351 3946 453 4013 opem.
509 3923 581 3992 Hoo
616 3927 719 4014 igitur
748 3929 892 4013 primum
925 3926 1170 3994 Atheniensium
1203 3929 1320 4018 legatis

130 4035 316 4111 mandatur,
351 4032 463 4098 deinde
496 4035 536 4097 ut
568 4033 610 4098 iis
638 4033 787 4099 omnibus
816 4052 896 4118 quae
927 4051 947 4098 a
976 4031 1127 4120 Philippo
1150 4041 1320 4124 agerentur

131 4146 252 4227 praesto
282 4143 386 4206 essent
416 4141 624 4224 oaverentque
650 4157 691 4203 ne
714 4159 791 4224 quas
813 4139 984 4226 Philippus
1007 4139 1046 4205 de
1068 4160 1158 4207 more
1179 4141 1321 4210 fallacias

132 4251 281 4325 strueret,
313 4245 398 4332 quod
425 4265 466 4311 na
498 4243 615 4311 faceret
645 4243 742 4312 homo
773 4245 909 4312 callidus
939 4251 972 4312 ot
1001 4248 1036 4311 in
1057 4247 1152 4313 rebus
1174 4249 1321 4337 gerendis

133 4373 201 4420 noer
222 4357 297 4420 ante
321 4352 429 4418 omnia
452 4349 531 4416 dieit
552 4349 666 4417 Orator
689 4371 755 4418 esse
776 4337 1066 4420 metuendum.‘tsr
1086 4351 1213 4431 μάλιςα
1231 4359 1320 4420 ταῦτα

134 4457 193 4534 lter
217 4460 261 4542 μη
285 4463 455 4539 πανοῦργος
479 4457 517 4522 ὢν
539 4454 690 4540 άνέρωπσς
715 4457 849 4542 κλέψη
872 4481 903 4525 τι
926 4463 986 4524 τῶν
1010 4451 1085 4524 ὅλων
1108 4457 1319 4542 πραγμάτων.
