3342 5080
706 367 771 440 577

145 553 183 623 ὧν
205 557 272 637 ἐμοὶ
296 556 383 643 ἔργον
407 557 554 628 άπάντων
578 562 763 639 μεμνῆσθαι.
809 559 1003 629 Dicamuene
1025 563 1103 632 haec
1126 563 1333 632 declamitan-

144 669 210 730 tem
245 665 429 753 Sophistam
460 665 586 733 finxisse
609 667 648 732 de
671 664 773 732 nihilo
796 669 903 733 omnia
926 673 958 734 et
980 668 1100 735 iudicia
1123 673 1155 734 et
1181 668 1333 735 nominal

144 775 199 835 aut
222 772 370 838 hahuisse
394 778 556 839 auctorem
580 794 675 859 quem
699 774 733 837 in
756 772 807 838 his
829 772 1031 859 sequeretur?

187 878 279 959 Quod
301 885 531 946 commemorat
554 901 706 966 spurcum
730 879 957 967 Aristogitonis
980 883 1014 946 in
1037 882 1146 949 decem
1171 889 1330 970 praetores

141 984 350 1051 maledictum
368 1005 440 1074 pag·
463 985 537 1055 785.
561 987 614 1054 13.
636 986 702 1053 οὐδὲ
722 992 781 1051 τῶν
800 986 953 1068 κοπρώνων
969 986 1008 1052 άυ
1021 988 1175 1062 ἐπιτάτας
1189 991 1326 1068 ἕλέσίαι,

142 1096 274 1177 putesne
304 1112 324 1157 a
355 1091 505 1178 Sophiste
536 1115 604 1160 esse
630 1091 870 1182 excogitatum?
894 1099 950 1160 aut
973 1115 1053 1180 quae
1077 1096 1114 1162 de
1137 1097 1235 1164 Zobia
1260 1118 1330 1163 nar-

141 1203 251 1264 rantur
281 1218 357 1287 pag.
391 1197 466 1266 787.
501 1197 563 1264 141
594 1200 763 1264 Fictumne
786 1203 834 1264 est
857 1221 931 1287 pag.
958 1197 1034 1266 791.
1060 1200 1114 1268 25.
1138 1203 1329 1281 βουλεύσεως

142 1304 191 1368 τὸν
223 1305 438 1380 Ἀλωπεκῆθεν
469 1307 619 1385 Ἀρίςωνα
650 1303 767 1371 διάκειί
813 1305 982 1375 Fiotumuo
1011 1307 1332 1394 0010001101ὴο

142 1411 227 1476 011110
258 1409 397 1477 venefica
427 1412 539 1478 scribit
568 1433 643 1501 pag.
677 1408 753 1477 793.
785 1411 840 1477 25.
873 1415 926 1495 ἐφ’
958 1409 1000 1488 νίς
1026 1415 1114 1493 ὑμεῖς
1138 1417 1192 1492 riso
1215 1415 1331 1495 μιαρὰν

143 1517 279 1596 Θεωρίδα
311 1517 366 1590 τὴν
398 1518 541 1595 Λημνίαν
571 1520 626 1590 τὴν
656 1517 843 1599 Φαρμακίδα
875 1519 928 1584 καὶ
965 1523 1062 1596 αὐτὴν
1093 1523 1144 1587 καὶ
1177 1521 1212 1586 τὸ
1244 1521 1329 1600 γένος

141 1619 227 1687 άπαν
260 1623 467 1689 ἀπεκτείνατε
489 1629 594 1689 ταῦτα
619 1624 727 1701 λαβὼν
749 1624 794 1688 τά
815 1623 973 1705 Φάρμακον
993 1665 1033 1676 -
1052 1627 1252 1706 μαγγανεύει
1276 1626 1328 1692 καὶ

140 1729 300 1811 φενακίζει
325 1731 377 1794 καὶ
405 1729 559 1819 (agnosce
575 1733 609 1795 in
632 1751 698 1816 sqq.
723 1730 862 1795 facetum
883 1735 915 1796 01
935 1731 1027 1797 dicax
1047 1732 1222 1820 Hyperidis
1239 1735 1330 1820 iuge-

139 1839 243 1914 nium)
276 1836 347 1908 τοὺς
379 1838 566 1912 ἐπιλήπτους
596 1836 692 1918 φησὶν
723 1837 826 1901 lictae
860 1836 953 1909 αὐτὸς
985 1836 1023 1902 ὧν
1048 1839 1218 1914 ἐπίληπτος
1241 1838 1329 1920 πάση

140 1944 275 2026 πονηρία.
324 1941 396 2008 Non
418 1964 485 2009 esse
507 1943 585 2008 haec
607 1940 681 2009 ficta
703 1941 896 2008 Plutarchus
920 1945 954 2007 in
977 1943 1170 2009 Demosthene
1192 1948 1225 2011 et
1249 1944 1327 2010 Phi·

139 2048 286 2115 lochorus
317 2049 402 2134 apud
432 2049 620 2136 Harpocrat.
650 2071 682 2116 v.
715 2049 827 2129 θεωρίς
860 2053 956 2114 testes
986 2056 1069 2116 sunt
1117 2049 1195 2117 Inde
1224 2053 1328 2137 igitur

140 2153 322 2240 sophistam
346 2175 404 2219 sua
427 2157 577 2221 sumsisse
602 2152 728 2221 credes?
774 2154 981 2233 11011ίο0100,
1006 2176 1069 2220 non
1093 2161 1141 2221 est
1163 2159 1248 2221 enim
1267 2155 1327 2220 hoc

139 2262 307 2327 hominum
338 2282 441 2350 genus
464 2267 531 2326 tam
556 2261 686 2326 doctum
710 2281 746 2326 ac
770 2259 917 2348 diligens.
964 2260 1146 2348 Hyperides
1168 2263 1236 2348 ipse
1258 2282 1327 2327 rem

140 2367 201 2431 sibi
224 2373 256 2433 ct
279 2369 428 2433 omnihus
450 2373 559 2434 notam
583 2368 742 2432 iudicibus
762 2369 914 2433 narravit.

185 2470 337 2559 Sequitur
368 2479 406 2538 ut
433 2473 598 2539 ostendam
621 2494 657 2538 ea
680 2493 760 2559 quae
781 2473 811 2536 ἐν
835 2473 877 2553 τῷ
902 2474 974 2538 κατ’
989 2473 1234 2553 -Ἀριςογείτονος
1257 2495 1329 2540 nar-

140 2584 250 2643 rantur
268 2579 449 2665 aequalium
468 2581 661 2647 testimoniis
681 2578 860 2645 confirmari
879 2585 912 2646 et
930 2581 1038 2645 omnia
1055 2582 1139 2645 inter
1158 2601 1225 2646 sese
1239 2579 1327 2646 fideli

140 2687 303 2752 concordis
333 2688 520 2772 conspirare.
569 2685 698 2768 Omitto
720 2685 843 2771 reliqua
865 2689 1010 2752 tenuiora
1033 2691 1065 2751 et
1088 2689 1165 2752 satis
1188 2707 1255 2752 esse
1277 2707 1326 2752 ar·

140 2792 240 2857 bitror
262 2791 414 2858 Dinarchi
438 2794 612 2858 orationem
637 2794 709 2855 κατ’
733 2791 969 2873 Ἀριςσνείτσνσς
989 2794 1023 2858 in
1042 2813 1136 2858 causa
1155 2791 1327 2878 Harpaiioa

140 2919 219 2963 anno
248 2896 313 2961 324
336 2897 480 2963 habitam
504 2919 580 2963 cum
603 2897 787 2985 Hyperides
809 2918 1000 2984 comparare.
1050 2899 1174 2984 Nempe
1196 2920 1236 2964 ex
1258 2919 1326 2985 per-

139 3011 235 3090 petuo
267 3007 432 3090 utriusque
456 3007 547 3070 testis
571 3025 724 3071 consensu
746 3009 881 3088 utraque
903 3008 1004 3070 oratic
1027 3009 1146 3071 certam
1170 3011 1202 3071 ct
1221 3005 1327 3092 explo-

139 3116 242 3177 ratam
265 3108 362 3176 fidem
384 3109 525 3175 habebit.

183 3217 291 3283 Pauca
324 3218 427 3304 igitur
461 3215 640 3282 Dinarchus
673 3215 749 3280 audi
783 3219 816 3280 et
850 3214 974 3280 videbis
1003 3216 1081 3282 haee
1111 3221 1220 3285 omnia
1250 3241 1326 3287 cum

138 3322 333 3410 Hyperideis
366 3325 528 3388 concinere
558 3323 586 3406 ᾖ.
615 3321 647 3386 8.
679 3323 725 3393 τίς
759 3321 840 3397 ὑμῶν
876 3322 908 3386 οὐ
940 3319 1093 3394 πολλάκις
1125 3323 1326 3399 1110010

139 3427 322 3508 Κυδιμάχου
353 3431 409 3503 μὲν
440 3433 493 3492 τοῦ
526 3427 640 3508 πατρὸς
667 3431 722 3492 τοῦ
746 3425 985 3506 Ἀριςογείτονος
1010 3426 1142 3492 ίανάτσυ
1165 3454 1328 3507 καταυνω·

140 3534 259 3606 σίέυτος
290 3535 343 3599 καῖ
375 3534 529 3615 Φυρίντος
558 3535 593 3598 ἐκ
616 3533 734 3607 ταύτης
758 3541 813 3608 τοῖς
839 3531 953 3603 πίλεως
978 3531 992 3598 ὃ
1016 3535 1129 3614 χρητδς
1155 3533 1241 3609 οὗτος
1265 3537 1326 3612 υἱὸς

139 3641 274 3722 περιεῖδε
305 3640 357 3704 τὸν
388 3641 482 3705 αὐτοῦ
510 3639 709 3720 πατέρακαὶ
735 3637 832 3720 ζῶντα
856 3645 914 3703 τῶν
936 3639 1116 3716 άναγκαίων
1139 3642 1329 3724 σπανίζοντα

139 3747 190 3812 καῖ
224 3747 458 3821 τελευτήσαντα
489 3749 522 3811 οὐ
552 3744 691 3826 τυχόντα
722 3752 781 3810 τῶν
813 3745 965 3824 νομίμους
984 3783 1026 3794 -
1048 3747 1141 3812 αὐτὸν
1166 3747 1198 3814 δέ
1221 3754 1328 3815 τοῦτον

138 3852 182 3918 ὅτ’
214 3853 244 3918 ἐν
277 3853 317 3933 τῷ
351 3852 542 3934 δεσμωτηρίῳ
565 3852 600 3918 τὸ
624 3859 738 3933 πρῶτον
762 3852 891 3933 άπήχθη
910 3890 952 3901 -
969 3857 1101 3918 τοιαῦτα
1122 3855 1327 3930 τολμήσαντα

139 3967 233 4024 ποιεῖν
256 3961 352 4024 αὐτοῦ
377 3955 429 4026 ὥτ’
450 3957 578 4032 ἐκείνους
598 3958 675 4047 (leg.
694 3955 753 4027 tre
773 3960 842 4030 τοὺς
865 3959 940 4042 ἐκεῖ)
961 3960 1224 4040 άποψηφίσασίαι
1244 3964 1325 4039 μήτε

139 4071 197 4146 πῦρ
221 4063 338 4130 ἐναύειν
361 4065 457 4146 τούτῳ
481 4065 562 4140 μήτε
586 4073 740 4130 συσσιτεῖν
765 4064 882 4142 μηδένα
907 4065 988 4142 μήτε
1012 4066 1117 4129 θυσιῶν
1140 4071 1198 4131 τῶν
1222 4092 1327 4147 γιγνο-

139 4172 234 4250 μένων
259 4180 413 4237 κοινωνεῖν.
647 4183 648 4187 ’

186 4279 364 4344 Dinarchus
393 4279 411 4363 ξ
437 4275 488 4343 10.
515 4279 714 4367 Aristogiton
737 4278 879 4360 ἐμπορίου
904 4279 1093 4355 ἐπιμελητῖης
1117 4283 1227 4360 λαχὼν
1249 4283 1329 4350 άπε-

143 4384 310 4461 δοκιμάσίη
344 4385 401 4450 ὑπὸ
433 4391 491 4450 τῶν
522 4383 594 4451 τίτε
626 4384 806 4466 δικαζάντων
843 4385 952 4469 άρχειν
985 4385 1103 4460 ταύτην
1134 4388 1189 4461 σὺν
1220 4391 1330 4472 άρχῆν.

142 4493 325 4580 Hyperides
348 4513 420 4581 pag.
448 4489 524 4558 790.
551 4492 602 4558 15.
629 4492 718 4557 άλλοὶ
744 4496 778 4568 vir
804 4493 867 4559 Δία
886 4532 929 4562 ,-
945 4493 998 4558 διά
1020 4493 1110 4557 ταῦθ’
1135 4495 1206 4572 ὑμῖν
1232 4497 1333 4574 εὔνους

1156 4603 1188 4650 81
