3304 5090
874 379 937 450 178

359 570 439 662 Peg.
454 571 531 640 378.
556 573 590 639 rb
612 572 828 650 Ὀλυμπίασιν
848 569 995 648 θνοῖθιρροα
1008 565 1152 647 Κυψέλου
1165 565 1363 644 σφυρήλατος
1375 567 1509 648 χρυσοῦς

316 679 438 759 lotarie
459 680 641 758 εὐμερθθνς,
678 679 736 745 Vir
754 679 866 744 doctus
884 679 1019 743 coniecit
1038 674 1163 754 ἀνδριὰς
1185 671 1257 743 Διθς
1277 693 1315 737 ex
1330 694 1403 760 pag.
1424 671 1510 750 353,

316 807 379 871 quo
409 791 544 854 minime
575 808 663 874 opus.
711 785 946 851 Obversabatur
978 781 1126 848 Straboni
1161 781 1360 866 epigramma
1382 781 1417 843 in
1441 780 1516 844 basi

315 894 505 980 inscriptum
535 894 619 980 apud
646 893 800 959 Photium
824 912 856 957 v.
903 891 1081 970 Kedrebota
1104 885 1254 961 οῖνοὶθιιαα
1279 886 1330 969 (ex
1353 885 1513 970 coena:

500 1009 591 1084 ΕΙΜΙ
615 999 676 1079 ἐγὼ
700 1001 831 1080 χρυσοῦς
856 995 1056 1078 σφυρήλατος
1080 995 1145 1072 εῖμι
1170 989 1335 1068 κολοοσθς,

651 1103 766 1181 ἐξώλεις
791 1102 835 1175 εἴη
860 1101 1037 1184 Κυψελιδῶν
1061 1099 1168 1179 γενεαὶ.

316 1210 374 1274 ubi
393 1212 535 1279 nondum
554 1232 607 1277 me
626 1214 768 1297 poenitet
787 1207 865 1274 olim
883 1208 1079 1275 emendasse:
1095 1216 1133 1271 el
1146 1214 1212 1272 ΜΗ
1225 1205 1286 1282 ἐγὼ
1298 1207 1431 1286 χρυσοῦς
1443 1204 1513 1269 rori.

363 1418 490 1484 Sraaao
524 1439 599 1507 pag.
636 1417 711 1486 378.
748 1438 877 1484 narrans
914 1418 953 1482 de
986 1412 1161 1482 Corinthiis
1196 1414 1417 1480 meretricibus
1447 1433 1515 1480 non

320 1523 491 1611 illepidum
522 1529 617 1591 scorti
648 1527 768 1591 dictum
802 1527 975 1590 memoriae
1009 1521 1166 1608 prodidit:
1203 1519 1429 1598 μννμουεθεταθ
1463 1545 1515 1590 τις

322 1630 431 1709 ἑταίρα
456 1630 529 1712 πρὸς
550 1632 603 1704 τὴν
623 1632 822 1712 ὀνειδίζουσαν
844 1629 890 1694 θτι
909 1633 942 1695 οὐ
962 1631 1111 1709 Φῖλερχος
1131 1626 1177 1700 εῖν
1199 1626 1258 1692 οὐδ’
1279 1627 1359 1706 ἐριίιν
1381 1623 1515 1692 ἅπτοιτο

237 1776 246 1788 -
322 1738 438 1802 εἰπεῖν·
460 1739 522 1815 ἐρῶ
546 1739 649 1815 μέντοι
675 1741 691 1813 ἦ
716 1738 842 1810 τοιαῦτα
866 1745 948 1815 τρεῖς
971 1735 1025 1811 ἤδη
1051 1735 1191 1799 καθεῖλον
1216 1734 1297 1804 iscis
1333 1733 1363 1797 ἐν
1393 1732 1519 1813 βραχεῖ
1644 1785 1645 1798 2

321 1841 417 1923 χρθνςι
448 1843 556 1924 τούτῳ.
602 1843 785 1909 Meinekius
817 1845 871 1928 qui
899 1863 932 1908 ee
956 1841 1067 1907 scribit
1098 1839 1234 1925 (Vindio.
1263 1861 1339 1927 pag.
1372 1838 1428 1925 42)
1456 1841 1517 1917 „de

318 1949 525 2013 subtilioribus
554 1949 683 2014 trimetri
707 1947 836 2030 lryibrd'
863 1969 936 2013 eum
960 1947 1164 2013 Lachmanno
1195 1967 1354 2012 sermones
1379 1945 1515 2023 habere,

318 2075 380 2119 non
411 2056 548 2121 habebat
579 2055 789 2122 diiudicandis
815 2058 847 2119 et
879 2053 1026 2119 notandis
1059 2055 1203 2119 numeris
1238 2054 1444 2119 exercitatam
1480 2058 1515 2117 et

318 2162 484 2227 subactam
511 2181 639 2238 aurem,
665 2163 693 2225 si
717 2160 846 2244 quidem
867 2162 1042 2225 oraticnem
1067 2159 1148 2224 bane
1171 2158 1344 2240 τεξοτοῖτιρν
1368 2160 1514 2222 numeris

319 2267 456 2354 ligatam
487 2288 555 2334 esse
578 2270 660 2333 serio
682 2266 816 2331 credidit
837 2285 1049 2350 numerosque
1080 2267 1213 2331 amissos
1235 2264 1356 2329 scilicet
1378 2265 1515 2330 minime

318 2394 485 2439 numerose
513 2373 551 2438 de
581 2393 638 2438 suo
668 2373 845 2438 substituit.
879 2371 1120 2436 Eiusdemmodi
1150 2391 1300 2437 numeros
1330 2376 1515 2436 innumeros

320 2479 463 2544 vidimus
495 2478 675 2563 Hauptium
707 2478 841 2543 Stobaeo
873 2477 1022 2543 XXVIII.
1054 2473 1107 2542 17.
1135 2478 1358 2543 obtrudentcm
1380 2497 1443 2542 non
1467 2497 1515 2540 rc·

320 2591 483 2672 pugnante
506 2585 669 2651 Meinekio
692 2587 726 2649 in
749 2585 886 2650 Addrnd.
910 2605 985 2670 pag.
1010 2583 1094 2648 LXI.

363 2693 539 2758 Annotavib
562 2694 649 2756 enim
672 2692 712 2756 ad
735 2691 768 2755 h.
789 2690 811 2755 l.
835 2689 1003 2756 Mainake:
1025 2712 1106 2766 ,,νιοιο
1126 2690 1400 2754 animadverterant
1422 2711 1516 2775 neque

319 2799 494 2881 interpreter
527 2797 680 2862 Strabonis
714 2819 806 2882 raeque
845 2796 1061 2861 Valckenarius
1096 2799 1138 2860 ad
1179 2797 1328 2860 Theocrito·
1366 2795 1513 2861 Adoaiaa.

320 2923 351 2988 p.
378 2901 453 2968 338.
474 2910 620 2987 postrema
643 2904 732 2967 acrba
753 2902 953 2966 oboliombicis
980 2902 1113 2967 υοτεὶθιιι
1135 2902 1253 2966 inclusa
1277 2925 1355 2968 σεεοι

547 3009 660 3073 εῖσεῖυ·
685 3008 746 3085 ἰχῶ
768 3008 871 3085 μέντοι
897 3011 1065 3084 ἡτοιαύτη
1089 3017 1169 3088 τρεῖς
1195 3007 1248 3084 ἤδη

547 3115 686 3178 καθεῖλον
712 3115 792 3186 ῖςοὺς
818 3114 848 3178 ἔν
870 3114 994 3196 βραχεῖ
1014 3113 1112 3196 χρθνῳ
1134 3112 1262 3196 τούτῳ.”

367 3221 451 3287 Satis
481 3222 516 3284 in
544 3221 604 3286 hoc
627 3241 741 3307 genere
765 3227 949 3305 peccaverat
972 3219 1199 3286 Valckenarius
1223 3241 1324 3306 quum
1346 3218 1386 3285 ad
1412 3217 1516 3286 'ibeo-

321 3329 394 3394 eriti
425 3326 571 3391 Adoniaz.
603 3345 676 3413 pag.
711 3324 788 3390 261.
818 3325 1061 3391 lamentabilem
1098 3327 1266 3412 epistolam
1302 3325 1514 3392 Laconicam:

321 3433 394 3514 ἔρρει
426 3431 468 3497 τοὶ
500 3435 595 3497 κοῖλα.
644 3431 797 3510 Μίνδαρος
824 3433 995 3496 οὶτεσσοθα.
1021 3439 1157 3497 πεινῶντι
1182 3430 1319 3513 τῶνδρες.
1347 3432 1515 3510 tropicae

322 3535 340 3603 l
367 3563 397 3603 rr
427 3540 488 3619 χρὴ
512 3537 599 3618 δριῖν,
625 3537 749 3602 duobus
772 3536 992 3603 aboliambicis
1014 3540 1159 3604 versibus
1182 3540 1341 3606 inclusam
1366 3559 1433 3605 esse
1458 3560 1517 3624 pu·

322 3651 405 3712 taret
427 3645 529 3712 bisce:
643 3691 644 3694 ,

504 3747 575 3831 ἔρρει
599 3749 643 3813 roi
665 3746 762 3813 καλοῖ.
803 3745 962 3829 ’Μθνδαρθς
987 3747 1022 3827 χ’
1047 3749 1219 3816 οῖτέσσουα.

503 3863 640 3922 πεινῶντι
663 3853 806 3935 τῶνδρες·
831 3856 1001 3934 οῖποριῦροες
1026 3853 1058 3933 θ’,
1083 3881 1113 3920 τι
1136 3859 1197 3939 χρδρ
1221 3858 1302 3936 δρῶν.

365 3963 503 4029 Dabisne
533 3962 616 4028 mibi
638 3961 696 4026 hos
718 3961 891 4026 versiculos
915 3963 1057 4028 eiusdem
1082 3963 1201 4028 sannae
1225 3984 1292 4028 essa
1316 3967 1411 4048 etque
1431 3961 1515 4028 Mei-

320 4069 471 4136 nekianos
494 4075 526 4135 et
548 4063 769 4152 Hauptianos?
816 4065 956 4152 Uterque
980 4075 1089 4134 autem

548 4172 710 4244 deiceris
735 4173 850 4243 ἐσθλοῖς
872 4171 952 4238 τόνδ’
978 4176 1147 4238 οῖσυθεῖται
1172 4171 1283 4253 ψθνον.

366 4279 563 4368 intelligitur
594 4285 703 4345 autem
736 4299 775 4344 er
806 4279 856 4343 bis
880 4299 976 4364 quam
1001 4283 1042 4344 sit
1065 4279 1189 4346 lubrica
1210 4301 1260 4346 ree
1283 4281 1318 4344 ira
1340 4282 1514 4347 sabtiliores

321 4385 449 4450 trimetri
481 4387 557 4466 θοροε
578 4387 755 4470 inquirere,
780 4404 857 4469 quas
881 4385 945 4450 lara
969 4385 1091 4450 videbis
1114 4391 1170 4452 aut
1193 4407 1232 4452 ex
1253 4389 1380 4453 vitiosis
1403 4387 1514 4454 lectio·

322 4492 417 4556 nibus
441 4495 497 4556 aui
519 4513 559 4556 ex
581 4491 780 4556 eruditorum
804 4492 961 4557 erroribus
985 4512 1050 4556 esse
1073 4498 1174 4558 natas.
