3308 5090
886 329 929 404 76

368 519 475 590 Etiam
508 524 585 590 alibi
615 527 661 590 sic
689 525 808 592 scribae
840 525 924 611 apud
955 523 1203 591 Demosthenem
1232 531 1433 611 peccarunt,
1466 515 1546 590 vid.

322 652 395 719 pag.
423 630 520 696 1031.
545 631 598 696 24.
623 637 655 696 et
677 652 749 719 pag.
777 629 875 697 1281.
897 631 950 694 26.
975 633 1031 696 ubi
1053 652 1110 717 pro
1135 631 1231 710 ἕτερον
1257 634 1411 709 ἐγκαλεῖν
1444 633 1545 696 οὐδὲν

322 735 464 817 ἔχοντες,
493 736 515 800 S
539 736 626 801 dedit
649 737 753 817 ἑτέρον
773 739 843 803 τινὰ
864 734 962 810 ἄλλο,
987 745 1019 802 et
1040 737 1122 803 alius
1142 735 1239 819 ἕτερον
1262 762 1292 802 τι
1314 737 1417 815 ἄλλο,
1447 758 1544 824 quse

321 845 436 910 merito
459 864 552 910 nemo
580 847 713 910 curavit.

366 1057 443 1144 Peg.
471 1053 546 1121 198.
571 1055 625 1121 23.
646 1055 779 1139 (πόλεις)
806 1058 879 1137 ὑπὲρ
903 1052 941 1120 ὧν
962 1057 1094 1130 πολλοὺς
1116 1057 1295 1143 [κινδύνους]
1320 1057 1373 1123 xxi
1395 1059 1539 1128 καλοὺς

322 1167 447 1239 syenae
472 1165 498 1227 οί
523 1164 594 1226 κοτ’
619 1162 746 1235 ἐκείνους
770 1164 839 1233 τοὺς
863 1163 989 1244 χρόνους
1008 1163 1158 1239 Ἕλληνες
1179 1165 1370 1237 ε’ποινίτοιντο.
1395 1166 1536 1231 Nescio

319 1269 403 1334 unde
432 1268 607 1334 molestum
638 1272 671 1334 et
702 1271 922 1353 importunum
952 1270 1100 1343 κινδύνους
1132 1276 1245 1335 netum
1277 1273 1337 1349 sit,
1370 1271 1429 1337 sed
1463 1271 1536 1336 hoe

319 1379 384 1441 seio
407 1378 474 1441 sine
496 1397 587 1442 mors
610 1397 676 1440 esse
701 1375 966 1463 expungendum,
990 1382 1028 1440 ut
1047 1381 1280 1464 coniungantur
1299 1378 1442 1449 πολλοὺς
1467 1379 1530 1442 καί

319 1482 433 1553 κοιλοὺς
465 1484 603 1559 ἀγῶνοις.
652 1479 842 1547 Rectissime
873 1484 958 1546 enim
991 1482 1108 1549 dieitur
1131 1485 1282 1548 sortietur
1305 1486 1434 1564 οὶγῖινοι,
1466 1485 1531 1550 sed

318 1588 448 1654 κίνδυνον
471 1590 620 1652 ποιεῖοίοιι
643 1586 725 1651 nihil
748 1592 805 1652 est.

363 1801 443 1888 Psg.
467 1799 542 1864 200.
569 1799 600 1865 7.
625 1801 718 1879 ἐχρῆν
741 1799 856 1880 γὰρ-
871 1800 926 1873 τὴν
949 1802 1047 1876 airis
1070 1799 1155 1883 ἔχειν
1179 1801 1311 1868 διοίνοιοιν
1336 1805 1420 1882 ὑμᾶς
1444 1805 1522 1886 περὶ

317 1915 373 1982 τῆς
398 1908 427 1970 ἐν
447 1917 485 1989 τῇ
505 1907 646 1991 πολιτείᾳ
666 1905 784 1984 τοὶίξειος
806 1904 896 1986 ἤνπερ
916 1907 983 1987 περί
1005 1915 1060 1982 τῆς
1081 1909 1111 1971 ἒν
1129 1917 1201 1982 τοῖς
1222 1910 1380 1987 ςροιτείοιις
1402 1908 1519 1990 ἔχετε.

316 2016 365 2086 τίς
389 2011 437 2081 οὖν
469 2013 530 2081 ε’ςίν
561 2008 656 2092 sirm
691 2014 778 2088 ὑμεῖς
810 2015 862 2077 τὸν
893 2023 1067 2078 ΛΕΙποντοι
1097 2015 1153 2088 rio
1185 2014 1243 2079 ὑπὸ
1266 2019 1320 2079 τοῦ
1347 2021 1519 2096 ςροιτιργοῦ

317 2119 406 2196 τοίξιν
435 2121 609 2198 τοιχίεῑοοιν
641 2117 752 2195 ἄτιμον
789 2119 884 2183 οίεοίε
917 2122 1077 2198 προσήκειν
1107 2117 1184 2185 είνοιι
1215 2121 1267 2186 rai
1298 2123 1426 2199 μηδενὸς
1453 2131 1518 2190 τῶν

315 2229 414 2292 κοινῶν
453 2225 610 2304 μετέχειν.
657 2234 737 2289 ΧΡΗ
768 2225 865 2288 τοίνυν
897 2226 949 2289 net
984 2227 1054 2298 τοὺς
1086 2229 1141 2299 τὴν
1173 2229 1231 2293 ὑπὸ
1262 2235 1321 2292 τῶν
1352 2229 1517 2309 προγόνων

314 2330 405 2408 τοίξιν
438 2333 468 2396 ἐν
498 2341 537 2413 τῇ
562 2331 706 2414 πολιτείᾳ
730 2340 919 2404 ΛΕΙποντοις
944 2331 996 2396 sot
1023 2333 1271 2411 πολιτευομένους
1295 2336 1512 2416 ὀλιγαρχικῶς

315 2439 445 2517 ιὶτίμους
478 2443 531 2502 τοῦ
563 2437 787 2518 συμβουλεύειν
819 2439 890 2516 ὑμῖν
922 2439 1026 2512 αὐτοῖς
1048 2441 1208 2505 ποιεΐοίοιι.
1255 2450 1347 2507 ΝΤΝ
1379 2442 1411 2508 δέ
1440 2446 1512 2511 κτὲ.

313 2544 420 2612 Facile
453 2549 501 2610 est
523 2543 563 2608 ed
593 2527 842 2630 intelligendum
867 2546 1015 2610 Λῐπίντοι
1039 2549 1093 2622 τὴν
1117 2545 1205 2622 τιίξιν
1226 2548 1290 2613 diei
1312 2547 1444 2626 debere,
1471 2557 1511 2616 ut

280 2704 289 2716 .
313 2653 407 2734 ρ’ίψοις
438 2653 493 2723 τὴν
521 2652 660 2723 tiresia,
695 2651 868 2726 ἀποβολῶν
898 2655 941 2715 τοὶ
968 2649 1051 2717 ίπλοι
1084 2657 1116 2718 et
1139 2655 1212 2718 sim.
1236 2653 1395 2720 Dicuntur
1417 2658 1509 2720 enim

314 2759 391 2825 haee
423 2758 461 2822 de
490 2759 531 2822 iis
561 2761 616 2842 qui
638 2758 795 2842 praesidio
826 2765 989 2838 οοιιοιυιιί,
1023 2758 1172 2846 clypeum
1203 2761 1390 2837 abiecerunt,
1415 2781 1510 2826 erma

312 2866 491 2942 amiserunt,
523 2885 585 2930 non
617 2865 655 2930 de
687 2884 723 2930 eo
747 2870 890 2950 tempore
914 2885 975 2950 quo
999 2869 1069 2950 quis
1094 2867 1250 2951 praesidio
1272 2867 1351 2930 cedit
1358 2914 1367 2943 ,
1392 2867 1509 2932 abiicit

314 2973 460 3058 clypeum,
493 2992 582 3037 arms
609 2971 730 3035 amittit.
777 2970 960 3036 Haerebent
989 2971 1120 3036 fortasse
1153 2973 1187 3035 in
1217 2993 1282 3057 sqq.
1310 2973 1380 3042 τοὺς
1405 2973 1460 3046 τὴν
1486 3007 1507 3020 -

314 3075 404 3153 τοίξιν
426 3077 589 3148 λείποντος
611 3077 663 3144 καί
684 3076 944 3153 πολιτευομένους.
979 3079 1050 3144 Non
1070 3079 1247 3144 sentiebant
1269 3081 1355 3145 enim
1376 3099 1415 3144 ex
1434 3081 1507 3164 ipse

314 3187 361 3250 rei
379 3191 493 3250 nature
511 3185 653 3248 norisium
673 3204 746 3248 oum
760 3200 919 3266 praesente
936 3191 1061 3267 tempore
1080 3206 1163 3249 nuno
1183 3186 1327 3270 componi
1346 3184 1505 3250 debuisse.

313 3289 471 3376 Loquitur
500 3293 586 3356 enim
619 3290 658 3355 de
688 3291 729 3354 iis
753 3292 809 3374 qui
831 3289 974 3361 λιπίντες
997 3293 1052 3365 τὴν
1076 3289 1164 3366 τοίξιν
1187 3293 1395 3371 ὀλιγαρχικῶς
1416 3305 1506 3357 πολι-

313 3397 466 3463 τειίοντιιι.
512 3396 680 3462 Praeterea
713 3399 782 3480 ipse
817 3399 1103 3483 argumentationis
1136 3399 1218 3463 ratio
1253 3401 1285 3462 et
1319 3399 1504 3482 oppositum

313 3511 404 3570 NTN
439 3503 471 3568 δέ
504 3502 669 3589 postulent
698 3507 736 3565 ut
766 3523 822 3587 pro
855 3495 934 3567 ΧΡΗ
966 3501 1063 3567 τοίνυν
1092 3501 1318 3587 imperfectum
1348 3501 1504 3567 ’exPHN

312 3614 509 3678 rest'tustnr.

360 3715 451 3797 Quod
474 3715 624 3780 continuo
654 3715 815 3798 sequitur:
850 3720 899 3777 νῦν
931 3714 961 3779 δὲ
993 3720 1051 3779 τῶν
1075 3713 1132 3790 μὲν
1154 3713 1334 3794 ουμμοίχυν
1356 3716 1428 3787 τοὺς
1450 3714 1505 3780 τὸν

314 3823 407 3888 uiris
440 3821 545 3903 ἐχθρὸν
578 3821 630 3884 nai
662 3823 756 3898 Φίλον
789 3809 861 3899 ὑμῖν
892 3819 1092 3898 ὀμωμοκότος
1123 3821 1262 3902 νομίζετε
1285 3821 1501 3900 εὐνουςοίτους,

314 3937 372 3995 τῶν
406 3929 436 3993 δὲ
469 3926 708 4004 πολιτευομένων
739 3923 786 3998 οὓς
818 3927 864 3994 irs
898 3933 1007 4005 οιιΦῶς
1040 3927 1109 3999 τοὺς
1142 3935 1197 4000 τῆς
1228 3926 1344 4000 πόλεως
1376 3926 1502 4007 ἐχθροὺς

314 4035 475 4120 ᾑρημένους
506 4031 631 4106 τούτους
663 4033 845 4104 πιςοτοίτουι
879 4029 1012 4110 issicio.
1060 4036 1151 4099 Aeris
1182 4055 1218 4098 so
1240 4033 1411 4099 vehemens
1434 4055 1503 4098 sen·

313 4145 415 4210 tentis
432 4140 547 4206 leeune
561 4139 692 4206 laboret.
731 4139 833 4206 Periit
853 4141 1004 4218 verbum,
1026 4140 1109 4205 unde
1128 4140 1306 4226 pendebunt
1329 4141 1503 4206 soeusetivi

314 4251 365 4316 τὸν
389 4246 482 4313 αὐτὸν
516 4249 620 4329 ἐχθρὸν
653 4246 703 4311 xxi
735 4245 836 4325 Φίλον.
887 4244 974 4311 Olim
1008 4245 1140 4312 Wolfius
1173 4248 1307 4312 coniecit
1336 4251 1407 4331 pest
1430 4245 1503 4322 ὑμῖν

314 4356 465 4423 excidisse
489 4353 576 4432 ἕξειν.
613 4353 686 4419 Alio
710 4352 842 4418 meliore
866 4355 961 4419 verbo
984 4357 1052 4419 eret
1074 4351 1230 4418 utendum
1278 4349 1429 4416 Nondum
1449 4371 1502 4416 me

313 4465 453 4552 poenitet
476 4459 672 4546 supplevisse
695 4457 861 4523 sirasirin
893 4458 999 4542 ε’χίρίν
1023 4460 1075 4524 κοί
1099 4461 1191 4541 φίλον
1216 4459 1288 4537 ὑμῖν
1311 4465 1501 4523 ΝΟΜΙΕΙΝ
