3356 5084
724 359 790 434 499

155 562 214 623 τῶν
245 553 462 639 ψηφισμάτων
493 556 593 622 αὐτῶν
631 555 702 636 ὑμῖν
737 554 822 621 είσίν.
868 554 1040 622 Menifeelo
1073 553 1263 621 mendosum
1297 553 1346 620 eut

156 662 300 742 νεώτεροι.
347 662 486 730 Memini
517 683 618 748 quum
649 661 732 728 mihi
764 661 885 728 Bekius
922 683 1014 728 meus
1045 663 1165 728 diceret
1194 658 1344 741 κενοθτεροι

156 771 219 836 eibi
251 769 356 836 videri
386 789 453 836 enee
482 767 667 857 legendum.
716 767 874 853 Equidem
904 765 1074 850 θκυρθτεροι
1106 769 1242 840 conieci,
1271 767 1347 852 quie

155 897 218 942 non
241 873 336 941 aliter
353 877 388 940 in
407 874 465 942 tuli
484 895 518 940 re
539 875 685 940 dicebant
704 894 813 940 omnes
833 894 930 959 quum
949 873 1039 954 νθμος
1058 875 1155 956 κύριος
1173 879 1206 940 et
1227 870 1345 954 ἄκυρος.

200 1083 281 1172 Peg.
313 1080 390 1149 485.
426 1082 478 1149 10.
503 1084 611 1150 συνίεθ’
634 1079 666 1148 ὃν
688 1081 797 1161 τρίπον
821 1083 835 1148 θ
859 1081 963 1150 Σίλων
986 1083 1056 1159 τοὺς
1079 1082 1188 1162 νόμους
1214 1081 1266 1170 [ὤς
1291 1104 1347 1146 κα-

156 1195 230 1275 λῶς]
260 1191 379 1268 κελεύει
404 1188 532 1276 τιθίναι;
556 1189 737 1274 Utrumque
758 1192 934 1256 rectissime
957 1191 1074 1258 dieitur
1094 1189 1202 1256 συνίεθ’
1226 1185 1258 1254 ὃν
1280 1185 1349 1270 τρθὲ

157 1321 212 1364 που
244 1303 276 1365 eb
306 1296 415 1363 συνίεθ’
446 1297 483 1370 ὡς
516 1303 618 1369 καλῶς
651 1296 769 1361 κελεύει
799 1296 929 1382 τιθέναι,
961 1297 1016 1363 sed
1044 1317 1108 1363 non
1132 1301 1265 1383 possunt
1285 1294 1349 1360 due

157 1404 236 1470 huee
258 1405 420 1491 coniungi.
466 1403 589 1469 Deinde
611 1403 684 1470 uide
707 1402 910 1488 mihiquem
933 1403 1069 1471 abeundo
1091 1403 1160 1470 loeo
1183 1404 1221 1476 ὡς
1245 1407 1348 1474 καλῶς

157 1513 198 1576 eit
221 1511 457 1596 interpositum.
503 1509 581 1575 Fuit
603 1507 684 1576 olim
706 1510 751 1573 eie
772 1511 928 1595 seriptum

431 1615 565 1682 συνίεθ’
597 1611 633 1679 ὃν
665 1613 796 1696 τρίπον

430 1721 564 1787 butten
588 1719 798 1798 tollentemve
934 1741 970 1792 ee
988 1746 1073 1792 „am

431 1827 549 1895 κελεθει
573 1827 698 1894 τιθίυαι.

202 2035 283 2124 Peg.
322 2033 398 2102 485.
437 2034 489 2103 17.
525 2036 676 2103 ostendit
697 2055 794 2120 quam
829 2033 944 2100 multis
976 2037 1176 2102 cautionibus
1207 2059 1245 2102 ex
1278 2035 1351 2126 lege

159 2139 284 2208 Solonis
308 2143 472 2231 utendum?
486 2149 569 2210 esset
591 2145 631 2208 iis
655 2145 711 2228 qui
732 2141 840 2230 legem
864 2162 982 2208 novem
1005 2141 1086 2207 ferre
1108 2140 1239 2208 vellent.
1273 2143 1351 2210 Post
1463 2133 1466 2140 ’

160 2245 223 2312 alie
255 2251 302 2313 ita
334 2249 428 2315 dicit:
461 2251 514 2315 καί
546 2249 602 2329 πρὸ
632 2249 746 2315 τούτου
777 2246 812 2325 γ’
826 2245 988 2324 ,ἐπέταξεν
1013 2249 1140 2314 ἐκθεῖναι
1164 2248 1273 2330 πρθσθε
1293 2257 1353 2316 τῶν

160 2352 326 2432 ἐπωνύμων
356 2355 408 2420 καί
440 2357 482 2436 τῷ
514 2361 704 2436 γραμματεῖ
737 2353 944 2433 παραδοῦναι·
980 2357 1086 2420 τοῦτον
1122 2355 1152 2420 δὲ
1188 2356 1217 2420 ἐν
1249 2365 1352 2422 TAIC

161 2460 340 2536 ἐκκλησίαις
372 2461 631 2541 ἀναγιγνώσκειν,
662 2459 700 2525 ἐν’
723 2457 832 2533 ἐκοιςος
858 2461 939 2538 ὑμῶν
968 2461 1103 2532 οθκοθσαο
1128 2470 1353 2529 ΠΟΛΛΑΚΙΟ

160 2567 212 2631 καί
246 2567 332 2632 κατὰ
364 2571 482 2648 οχολίην
505 2567 701 2648 σκεψάμενος
726 2558 749 2631 ἐι
773 2563 846 2647 llll
870 2566 921 2631 καὶ
947 2566 1053 2632 δίκαια
1077 2569 1129 2633 καί
1153 2566 1352 2650 συμφέροντα

159 2679 266 2738 ταῦτα
291 2674 445 2756 νομοθετῇ.
489 2673 573 2754 Quid
597 2679 645 2739 est
668 2674 699 2737 ἐν
721 2679 793 2744 ταῖς
819 2671 1015 2748 ἐκκλησίαιςί
1056 2673 1192 2739 Perinde
1215 2695 1352 2760 pravum

160 2785 255 2866 atque
285 2781 323 2845 id
341 2781 424 2865 quod
447 2779 470 2845 S
494 2780 623 2846 exhibet
647 2780 676 2844 ἐν
701 2779 879 2854 ἐκκλησίαις
905 2782 973 2846 eine
996 2777 1141 2845 articulo.
1189 2777 1352 2846 Dobraeue

162 2886 257 2964 „vide
275 2909 316 2950 σοι
339 2887 369 2950 ἐν
392 2886 487 2965 τρισίν
507 2885 683 2961 ἐκκλησίαις
704 2887 808 2966 legerit
834 2883 1008 2969 Ulpianuu.”
1044 2882 1256 2951 Vehementer
1278 2889 1354 2952 urr'i·

161 2992 231 3058 det:
256 2994 303 3057 eie
329 2995 415 3058 enim
438 3013 483 3078 sq.
508 2992 643 3064 οθκοθοας
667 2989 818 3062 πολλάκις
844 2991 1042 3078 intelligitur
1065 2995 1097 3055 et
1123 2991 1265 3077 postulet
1297 2991 1353 3059 eli-

161 3099 238 3184 quid
268 3099 497 3190 huiuscemodi¹
521 3102 590 3185 ipsa
619 3101 666 3164 rei
696 3101 821 3162 nature.
868 3097 986 3163 Fuerat
1014 3086 1354 3165 eN‘reKKanfflc

162 3213 193 3271 et
215 3203 309 3271 facile
331 3208 456 3270 numeri
478 3209 554 3271 note
575 3203 702 3292 negligi
726 3205 832 3288 potuit
856 3208 888 3268 et
906 3205 1018 3288 perire.
1039 3201 1078 3267 ef.
1098 3223 1172 3291 pag.
1195 3203 1272 3290 707,
1293 3203 1352 3284 28,

162 3312 215 3376 οὐκ
237 3311 324 3384 εὐθὺς
346 3311 459 3376 τιθέναι
483 3313 547 3397 (τὸν
571 3309 671 3398 νόμον)
701 3307 895 3389 προσέταξαν
919 3308 1008 3374 α’λλοὶ
1027 3310 1083 3383 την
1104 3311 1208 3390 τρίτην
1231 3309 1354 3377 etrite·

162 3417 220 3495 ξαι
251 3417 419 3492 ἐκκλησίαν
450 3418 503 3483 καί
526 3417 587 3482 οὐδ’
612 3418 642 3480 ἐν
666 3417 769 3498 ταύτης
793 3413 905 3480 τιθέναι
931 3414 1095 3480 δεδώκασιν
1118 3416 1208 3482 ἀλλὰ
1231 3415 1354 3494 οκέψα·

163 3529 232 3590 σθαι
256 3525 325 3588 καθ’
348 3519 412 3588 ἐτι
436 3525 507 3598 τοὺς
531 3523 695 3601 νομοθέτας
721 3523 867 3588 καθιεῖτε.

208 3734 369 3802 Continuo
400 3736 559 3820 sequitur:
590 3732 704 3799 τούτων
734 3731 832 3797 τοίνυν
856 3728 1007 3796 τοοοθτον
1029 3727 1119 3795 θντυυ
1145 3728 1295 3816 [δικαίαν]
1318 3731 1353 3797 τὸ

164 3841 276 3917 πλῆθος
310 3839 410 3904 οὑτοσί
440 3841 497 3917 μὲν
532 3837 591 3904 οὐδ’
624 3840 720 3904 θτιοῦν
754 3835 878 3911 ἐποίησε
913 3835 1098 3922 [Λεπτίνης]
1106 3884 1114 3914 ,
1136 3873 1177 3884 -
1196 3839 1285 3916 ἡμεῖς
1322 3839 1352 3904 δέ

164 3945 282 4013 ποίντα.
329 3945 505 4012 Debraeue:
534 3947 657 4030 „malim
682 3945 796 4009 τούτων
821 3944 920 4009 τοίνυν
943 3943 1093 4009 τοσοθταν
1115 3940 1205 4008 ὄντων
1224 3943 1259 4008 τὸ
1278 3952 1356 4020 πλῆ-

165 4053 211 4128 θος
245 4054 330 4139 (τῶν)
362 4052 495 4118 δικαίων.
544 4053 627 4116 Certe
651 4049 865 4116 restituendum
887 4055 956 4115 τῶν.
1007 4050 1064 4131 Qu.
1090 4049 1241 4115 τοσούτων
1263 4049 1353 4116 θυτωυ

167 4159 250 4245 (τῶν)
276 4157 398 4224 δικαίων
420 4158 456 4223 τί
478 4157 621 4231 πλῆθος.”

210 4265 286 4331 Sine
320 4264 417 4331 dubio
447 4264 667 4353 coniungenda
697 4267 772 4328 nunt
806 4281 869 4328 uno
902 4266 1009 4327 tenore
1039 4258 1188 4326 τοσούτου
1210 4258 1300 4328 ὄντων
1323 4267 1358 4331 τὸ

166 4374 287 4446 πλῆθος
306 4379 339 4438 et
362 4371 484 4438 δικαίαν
507 4371 641 4437 articulo
665 4391 768 4436 carere
791 4388 853 4434 non
877 4374 990 4454 potest.
1027 4365 1091 4433 Sed
1110 4369 1218 4453 ipsum
1239 4368 1360 4438 δικαίαν

166 4481 317 4567 spurium
344 4486 392 4546 eet
422 4484 455 4544 et
484 4475 666 4544 delendum.
712 4475 784 4544 Non
814 4473 1015 4562 appellentur
1039 4475 1126 4540 enim
1150 4473 1256 4541 δίκαια
1278 4498 1359 4564 quae
