3348 5086
187 591 189 594 Ι
295 501 330 566 in
350 497 559 586 Theophrasti
581 500 714 565 Οθαιαοθ.
738 498 827 565 XIX.
852 520 891 565 ex
909 499 1070 585 praeclare
1087 497 1246 566 Bedhemi
1269 500 1494 567 emendatione

296 605 504 682 ἀναπόνιπτος
530 608 561 672 έν
585 615 648 681 τοῖς
673 606 811 690 ερθμασι
834 627 891 693 pro
913 605 1152 679 ἀναπίπτοντος.

343 814 403 881 oo.
429 841 458 882 ε.
483 813 562 882 283.
676 763 681 772 ’

524 922 598 987 ἀλλ’
622 919 684 1002 ἀρα
706 944 745 986 εοι
769 919 806 985 τί
829 944 870 998 γε
893 919 1004 1002 κέρδιον
1028 920 1134 985 εἴσοιτο
1157 921 1252 1002 θυμῷ.

341 1027 460 1095 Misere
494 1033 628 1095 vexatus
658 1027 764 1106 loeus,
788 1049 926 1114 nemque
949 1029 1070 1095 σείσατο
1095 1034 1151 1094 sui
1174 1029 1309 1094 θεείσατο
1339 1027 1493 1096 Homeri·

297 1155 371 1200 eum
395 1139 443 1201 est
465 1154 522 1222 pro
545 1133 642 1211 ἔδοξε,
667 1154 730 1199 non
753 1132 868 1199 είσατο.
904 1134 953 1200 En
974 1135 1136 1200 similibus
1156 1135 1241 1222 opud
1259 1140 1390 1222 poetam
1410 1135 1492 1202 loeis

294 1243 428 1307 ooniioio
450 1241 654 1307 scribendum
677 1261 744 1306 esse
767 1242 802 1305 in
825 1242 911 1307 hune
938 1241 1093 1308 modum:

502 1347 577 1411 ἀλλ’
601 1345 663 1425 ἀρα
689 1370 727 1412 σοι
752 1345 789 1413 τί
811 1371 851 1425 χε
874 1346 993 1414 σείσατο
1017 1348 1127 1430 κέρδιον
1152 1344 1238 1414 εἶναι.

296 1457 334 1518 ut
355 1455 391 1518 in
412 1456 488 1519 noio
510 1451 688 1520 versiculo:

502 1554 556 1623 ὦδε
580 1557 614 1624 δέ
635 1582 673 1626 τοι
699 1558 851 1640 φρονέοντι
876 1559 1029 1626 δοάσσαπο
1054 1560 1165 1642 κέρδιον
1188 1557 1280 1630 εἶναι.

343 1766 403 1835 Od.
426 1777 464 1834 Τ.
484 1765 562 1834 215.

479 1874 541 1941 οὐδ’
564 1872 657 1939 θπιδα
680 1871 838 1956 τρομέουσι
862 1873 947 1939 θεῶν·
971 1872 1117 1953 μεμάασι
1142 1872 1205 1957 γὰρ
1229 1874 1283 1952 ήδή

480 1983 633 2059 κτήματα
655 1978 838 2045 δάσσλσθαι
866 1979 918 2056 δήν
940 1980 1109 2062 οἰχομένοιο
1132 1981 1290 2054 εάνακτος.

299 2086 376 2172 quid
409 2087 453 2151 sii
482 2084 656 2174 legendnm
683 2105 740 2171 pro
763 2085 939 2151 δάσσασθαι
963 2086 998 2150 hi
1021 2085 1084 2152 looi
1106 2087 1330 2154 monstrabunt
1353 2097 1387 2152 B.
1413 2085 1490 2152 543.

298 2199 465 2272 μεμαῶτες
497 2190 604 2272 ῥήξειν.
636 2201 683 2256 Μ.
719 2190 795 2258 197.
826 2191 977 2270 μέμασαν
1011 2191 1151 2272 -ῥήξειν,
1183 2203 1224 2258 Ν.
1256 2192 1334 2258 214.
1365 2192 1492 2271 μενοίνα

299 2298 441 2366 ἀντιάαν.
467 2307 498 2367 Ξ.
527 2296 581 2363 88.
605 2299 745 2376 μέμονας
769 2301 968 2379 καλλείψειν.
993 2308 1031 2364 O.
1058 2298 1134 2365 105.
1155 2298 1304 2378 μέμαμεν
1323 2323 1493 2365 καταπαυ-

300 2405 404 2486 σέμεν.
429 2427 456 2472 ο.
485 2403 564 2471 521.

966 2511 1096 2590 μέμονέν
1119 2537 1155 2577 τε
1177 2511 1303 2592 μάλιςα

410 2615 518 2699 μητέρ’
544 2618 619 2697 ἀμήν
642 2616 817 2697 γαμέειν
840 2617 892 2682 καί
919 2616 1089 2694 Ὀδυσσῆος
1113 2619 1209 2701 χέρας
1232 2616 1350 2695 ἕξειν.

347 2736 383 2792 Φ.
409 2723 486 2790 481.
1373 2719 1381 2726 ’

436 2837 499 2904 πῶς
523 2829 555 2896 δέ
578 2829 616 2894 σὺ
641 2833 691 2894 νῦν
714 2829 872 2910 μέμονας,
898 2829 968 2896 κθον
992 2829 1110 2909 ἀδεεές,
1134 2832 1215 2896 ἀντί’
1240 2831 1322 2910 ε’μεῑο

435 2939 600 3016 ςήσεσθαις

343 3045 455 3131 linque
474 3049 545 3111 tuto
565 3043 744 3111 δάσσθσθαι
763 3065 962 3131 reponemus.
999 3043 1099 3110 Vetus
1117 3043 1271 3110 mendum
1291 3048 1347 3108 esi.
1383 3041 1491 3129 Hesy-

301 3153 393 3218 ehius

663 3269 691 3324 Δ
703 3257 903 3324 ἀσασθαιτ
927 3259 1120 3337 μερίσασθαι.

347 3363 598 3430 Termineiiones
627 3367 661 3429 in
694 3367 818 3430 -ασθαι
844 3371 876 3430 et
900 3401 919 3414 -
933 3367 1017 3430 εσθαι
1041 3367 1187 3430 omnium
1210 3369 1392 3448 temporum
1415 3365 1494 3427 sori·

302 3473 358 3538 boe
382 3481 414 3536 et
438 3473 583 3536 omnium
606 3469 764 3536 librorum
788 3490 903 3555 susque
926 3470 1028 3556 deque
1048 3470 1174 3537 hebent.
1201 3469 1367 3535 Bekkerus
1390 3467 1494 3534 edidit

301 3576 358 3643 Od.
384 3600 412 3643 v.
438 3574 512 3642 121.

617 3681 703 3764 φάτο
726 3683 799 3764 γὰρ
812 3683 965 3748 τίσλσθαι
990 3684 1133 3754 ἀλείτας.

301 3790 458 3857 sententie
488 3792 552 3854 esi:
585 3787 696 3870 ἤλπιζε
719 3790 783 3869 yse
807 3790 1028 3870 τιμωρήσεσθαι
1052 3788 1123 3861 τοὺς
1147 3787 1330 3869 ἀλιτηρίους.
1379 3786 1494 3871 ltaque

301 3893 503 3962 scribendum
522 3896 690 3979 τίσεσθαι,
710 3896 749 3960 de
767 3915 831 3980 qus
848 3917 883 3961 re
902 3915 998 3981 supro
1016 3915 1083 3982 esp.
1097 3893 1200 3960 XXV.
1213 3897 1336 3981 copiose
1348 3895 1489 3980 egimus.

346 4000 538 4088 Saepissime
561 4002 595 4066 in
616 3999 736 4066 talibus
760 4001 862 4068 futuri
885 4001 988 4068 forme
1011 4005 1045 4067 in
1068 4007 1140 4068 tuto
1165 4005 1213 4068 esi
1238 4005 1276 4066 ut

346 4118 394 4176 M.
421 4106 498 4174 125.
522 4103 637 4191 ἔφαντο
663 4143 705 4155 -
730 4109 912 4188 σχήσεσθαι.

420 4212 495 4280 165.
518 4213 629 4297 φάμεν
654 4252 695 4263 -
720 4215 861 4297 σχήσειν.

346 4331 388 4390 Ν.
411 4319 465 4386 89.
490 4317 571 4403 ἔφαν
594 4318 773 4404 φεύξεσθαι.

416 4425 488 4492 100.
515 4429 753 4504 τελευτήσεσθαι
777 4425 925 4512 ἔφασκον.
