3356 5084
874 349 941 423 474

312 549 407 625 dum,
438 548 523 634 quod
554 550 588 613 in
618 555 825 627 προτενεῖται,
858 548 1066 612 commissum
1093 550 1162 612 erat
1185 567 1260 633 pag.
1289 541 1364 610 112.
1389 539 1444 611 27.
1469 542 1502 607 in

312 653 541 737 προβάλλεται.
576 652 614 719 In
637 655 786 720 omnibus
808 653 899 720 libris
922 658 987 718 est:
1012 650 1146 729 τούνομα
1169 653 1227 730 μὲν
1249 651 1285 716 πθ
1308 645 1364 725 τῆς
1388 650 1503 728 εἷρύνιρς

314 763 385 840 ὑμῖν
410 759 668 843 προβάλλεΤΑΙ,
693 762 747 827 sed
770 758 793 826 S
815 762 956 826 servavit
977 760 1155 846 genuinum
1179 755 1365 838 προβάλλει.

358 972 439 1061 Pag.
464 969 541 1039 171.
566 970 620 1037 20.
645 973 743 1037 δοῦλοι
769 980 824 1046 τῆς
850 971 899 1035 θπὶ
924 971 965 1052 τῷ
986 969 1221 1051 χειροτονεῖσθαι
1242 966 1370 1050 χάριτος
1392 970 1506 1050 περιέρ-

314 1102 425 1162 χονται
463 1079 692 1152 ΤΕΛΕΟθοῖναι
728 1076 883 1157 ςρατνρχθς
917 1073 1027 1149 ἕκαστος
1061 1073 1250 1156 σπουδάζων.
1321 1076 1508 1141 Absurdum

316 1206 383 1251 esse
414 1185 594 1260 τελεσθῆναι
619 1204 676 1270 pro
699 1185 870 1264 αἱρεθῆναι,
895 1189 927 1248 et
946 1183 980 1248 id
999 1185 1106 1268 ipsum
1126 1203 1163 1247 ex
1186 1184 1341 1247 constanti
1361 1184 1509 1247 omnium

316 1312 377 1356 usu
401 1292 528 1355 restitui
552 1295 696 1374 oportere
720 1310 815 1374 supra
836 1291 1033 1354 monuimus.
1080 1289 1201 1354 Netum
1227 1295 1275 1352 est
1296 1289 1451 1354 mendum
1470 1310 1510 1354 ex

317 1398 434 1464 vitiosa
462 1397 646 1481 aequiorum
677 1395 832 1476 συνηθείᾳ,
864 1397 920 1479 qui
950 1401 1051 1459 τελεῖν
1080 1414 1137 1481 pro
1167 1413 1268 1458 οναανο
1301 1395 1508 1480 usurpabant.

317 1501 471 1567 Libanius
501 1503 536 1566 in
566 1501 796 1566 declamatione
825 1521 927 1585 nuper
950 1501 1035 1566 edita
1058 1500 1203 1580 (Herma
1233 1497 1330 1566 1874.
1355 1521 1429 1588 pag.
1455 1498 1510 1565 39.

320 1605 406 1685 18.):
431 1605 546 1680 άλλους
571 1612 786 1678 τελοῦντες
811 1605 985 1688 άρχονπας,
1010 1602 1059 1677 οὓς
1082 1605 1308 1688 χειροτοννποὺς
1331 1611 1507 1690 καλοῦμεν,

318 1715 375 1778 ubi
398 1718 521 1780 veteres
544 1713 696 1779 dixissent
721 1712 908 1792 αἱρούμενοι,
931 1718 969 1778 ut
993 1711 1125 1797 Eupolis
1149 1715 1223 1777 noto
1246 1710 1335 1776 loco:

457 1817 509 1887 ὦς’
534 1820 689 1901 άσφαλῶς
713 1817 927 1899 ἐπράττομεν,
952 1817 1012 1883 νυνὶ
1036 1818 1063 1882 δ’
1086 1814 1150 1882 ύποι
1174 1815 1323 1896 τύχοιμεν

457 1925 675 2005 ερατευθμεσθ
700 1924 869 2004 αἱρούμενοι
894 1922 1084 2005 καθάρματα
1108 1921 1294 2004 ςρατνργούς.

365 2133 445 2222 Pag.
483 2130 558 2198 187.
595 2131 626 2197 9.
663 2134 695 2198 ού
730 2135 790 2211 μὴν
826 2133 887 2198 οὐδ’
918 2133 1017 2215 ἐκεθνιρ
1047 2132 1124 2214 (πορθ
1152 2131 1324 2218 Persarum)
1361 2132 1511 2214 συμφέρει

319 2240 455 2318 ξένΟΤΟ
479 2247 631 2318 κρατῆσαι
655 2245 713 2303 τῶν
736 2239 899 2314 Ἑλλήνων.
935 2234 1412 2325 Ορ1ἰῑηθΒοίλευθυεξένΟῖΟ.
1450 2239 1513 2303 Res

321 2350 369 2410 ost
391 2346 571 2431 perspicua:
597 2346 690 2417 αὐτὸς
715 2347 778 2425 γάρ
805 2346 819 2410 ὁ
842 2346 997 2425 βασιλεὺς
1021 2351 1130 2424 κρατεῖ
1150 2342 1243 2420 ξένοις
1268 2343 1435 2425 χρώμενος.

365 2553 447 2641 Pag.
483 2549 558 2618 189.
591 2550 620 2616 6.
654 2556 703 2615 νῦν
736 2553 767 2617 δὲ
793 2590 834 2600 -
859 2552 988 2634 εὔχεσθε
1020 2555 1098 2618 πάσι
1133 2563 1196 2624 τοῖς
1228 2555 1302 2626 θεοῖς
1334 2556 1390 2627 τὶρν
1417 2558 1515 2629 αὐτὴν

319 2659 433 2738 λαβεῖν
465 2659 635 2738 παράνοιαν
666 2659 776 2722 ἐκεῖνον
808 2659 914 2743 (repam
944 2658 1116 2745 Persarum)
1147 2659 1279 2739 ἯΝπερ
1303 2659 1374 2733 τοὺς
1399 2661 1513 2740 προχύ-

321 2790 386 2838 νους
417 2768 525 2832 αὐτοῦ.
571 2763 760 2850 Lugendum
789 2765 899 2845 Ἧπερ.
946 2763 1102 2829 Dicebant
1134 2767 1218 2829 enim
1252 2765 1404 2846 παράνοια
1429 2781 1512 2844 λαμ-

320 2872 411 2950 βάνει
445 2871 535 2948 τινά,
572 2876 610 2935 ut
644 2869 765 2951 φόβος,
802 2871 941 2948 ὑποψία,
977 2867 1067 2942 ύπνος
1106 2871 1152 2956 (et
1186 2870 1249 2936 olio
1279 2873 1438 2958 sexcenta)
1472 2896 1514 2951 με

320 2976 501 3054 λαμβάνει,
535 2980 567 3041 et
597 2977 631 3039 in
662 2973 891 3061 Spartanorum
927 2976 1022 3041 diris:
1058 2975 1201 3052 οἱκοδοροά
1237 3000 1271 3041 σε
1306 2976 1426 3057 λάβοι
1461 2979 1511 3043 καὶ

321 3080 422 3155 ἵππος.
471 3081 686 3148 Preoabantur
720 3083 823 3168 igitur
859 3084 904 3147 sic
937 3081 1162 3146 Athenienses:
1201 3083 1217 3157 ἡ
1249 3084 1330 3156 αύτὶρ
1362 3083 1513 3165 παράνοια

323 3188 419 3266 λάβοι
450 3189 579 3265 ἐκεῖνον,
612 3184 686 3265 ἥπερ
719 3187 771 3251 καὶ
803 3189 873 3258 τοὺς
904 3185 1066 3268 προγόνους
1092 3188 1200 3251 αὐτοῦ.
1247 3187 1336 3268 Quae
1357 3209 1459 3274 quum
1481 3191 1515 3252 in

323 3297 499 3360 orationem
529 3294 717 3359 indirectum
750 3297 978 3360 convertuntur
1008 3295 1075 3358 exit
1107 3292 1166 3380 iila
1199 3293 1303 3359 forma
1336 3315 1434 3380 quam
1469 3316 1514 3360 re

322 3402 500 3486 posuimus.

369 3505 514 3572 Mirabar
546 3505 701 3572 mendum
737 3509 883 3591 apertum
920 3504 1032 3571 tandiu
1066 3504 1166 3571 latere
1201 3509 1350 3591 potuisse.
1422 3507 1513 3573 Nunc

321 3612 407 3698 apud
445 3611 627 3678 Dobraeum
667 3612 778 3678 video:
822 3611 949 3690 ,οιαθῖια
992 3611 1076 3692 ἥπερ.
1114 3611 1298 3697 R(icardus)
1332 3611 1511 3702 P(orson).”

325 3715 421 3785 Grati
443 3719 628 3802 accipimus.

369 3929 450 4017 Pag.
483 3925 560 3992 191.
596 3924 649 3992 12.
682 3927 858 4006 φανήσεται
892 3925 919 3990 θ’
951 3927 965 3990 θ
996 3927 1053 4004 μὲν
1081 3926 1294 4006 πρυτανεύσας
1316 3932 1421 3994 ταῦτα
1450 3927 1514 4016 [καὶ

325 4035 452 4120 πείσας]
489 4032 663 4106 Μαύσωλος
695 4032 787 4114 φθλος
826 4028 901 4097 εἶναι
938 4031 1068 4110 Φάσιιυν
1104 4032 1220 4098 Ῥοδίαν
1256 4035 1312 4108 τθρν
1346 4035 1515 4114 ἐλευθερθαν

325 4143 425 4208 αὐτῶν
447 4138 651 4222 άφρρρνρμένος.
688 4137 807 4204 Vitiosa
831 4143 864 4204 et
887 4141 994 4224 inepto
1017 4139 1179 4204 abundant
1200 4140 1295 4206 verba
1316 4140 1369 4204 καὶ
1390 4143 1515 4214 πείσας.

326 4247 442 4312 Omnia
460 4250 535 4310 sunt
554 4248 587 4310 in
607 4243 839 4324 πρυτανεύσας,
863 4245 947 4329 quod
969 4266 1069 4330 quum
1089 4251 1172 4311 esset
1193 4265 1229 4311 co
1241 4267 1335 4311 sensu
1347 4250 1516 4332 antiquum

326 4357 359 4418 et
389 4371 514 4429 rarum,
546 4356 583 4416 ut
613 4371 708 4436 snpra
734 4371 808 4437 pag.
840 4349 891 4416 58.
929 4347 981 4416 16.
1007 4351 1046 4416 ad
1070 4350 1301 4433 πρυτανεύοντα
1325 4352 1516 4419 addiderunt

325 4457 490 4526 διοικοῦντα
512 4455 584 4532 ιιαθ,
608 4457 654 4522 sic
676 4457 708 4520 h.
721 4454 743 4523 1.
770 4456 810 4522 ed
833 4457 1047 4538 πρυτανεύσας
1072 4463 1286 4543 apposuerunt
1309 4459 1363 4524 καὶ
1388 4459 1512 4534 πεθσας.
