3356 5084
710 345 774 425 517

148 565 265 631 σννιριισ
287 544 439 610 incedebat
463 545 581 612 dieitur
603 546 698 613 homo
723 548 926 632 importunus
948 548 996 612 tie
1018 549 1052 612 ῖιι
1067 545 1211 632 poputum
1234 551 1334 612 ουσία

148 651 243 714 meliis
261 673 322 716 esee
340 673 420 717 ιαιιο.
457 651 675 740 Intelligerem
696 655 816 739 optime
835 652 943 719 locum
963 657 1008 720 sie
1028 658 1198 742 seriptum:
1219 656 1334 720 τοιαῦθ’

149 756 275 838 ὑβρίζων
307 758 503 839 περιέρχεται
533 759 585 824 καί
618 759 672 832 τὴν
703 757 765 824 απὸ
796 767 851 834 τοῖς
882 765 990 839 ψυχῆς
1015 762 1138 843 πικρίαν
1162 763 1213 828 καί
1240 758 1332 826 κακί-

147 886 243 941 νοιαν,
276 861 311 939 ἢν
342 865 428 929 κατὰ
459 871 517 930 τῶν
550 870 671 930 πολλῶν
704 866 785 944 ὑμῶν
817 863 897 948 ἔχων
929 865 1099 952 (διατελεῖ)
1127 870 1236 949 θφαννῖ
1261 870 1334 948 παρ’

148 969 263 1054 ἐαυτῷ,
295 971 434 1050 Φανερδν
468 972 518 1037 ἐπὶ
541 975 593 1036 τοῦ
617 975 721 1052 καιροῦ
745 972 888 1044 καθιείς.
939 971 1216 1052 Quemadmodum
1248 976 1334 1040 enim

147 1076 172 1138 oi
201 1074 368 1158 Φιλόδημον
398 1075 547 1142 dicuntur
579 1069 692 1143 εθνοιαν
725 1074 849 1160 ἔχοντες
876 1079 1028 1146 διατελεῖν
1051 1081 1093 1162 τῷ
1118 1079 1223 1163 δήμῳ,
1249 1078 1332 1145 siet

146 1181 313 1262 μισόδημος
336 1178 420 1256 οὗτος
445 1185 621 1249 rectissime
644 1183 763 1248 dieitur
785 1184 944 1250 κακθνοιαν
967 1186 1053 1252 κατα
1076 1191 1129 1252 τοῦ
1154 1186 1250 1266 δήμου
1271 1185 1335 1250 δια-

146 1295 249 1354 τελεῖν
282 1285 372 1371 ἔχων.
432 1287 541 1355 Etiam
571 1289 650 1355 dicti
680 1291 836 1356 sententie
871 1288 1025 1356 διατελεῖν
1058 1291 1217 1377 postulat:
1249 1313 1336 1376 ριιαια

147 1397 223 1460 enim
256 1411 383 1462 suurltit
404 1397 438 1460 ιἰο
461 1397 558 1461 animo
582 1397 724 1462 occultam
744 1397 864 1478 yerebet
887 1398 1026 1463 οιθοοτυαο
1041 1399 1185 1482 populum
1207 1397 1334 1460 αναίοοο-

146 1502 287 1580 lentiam,
312 1525 374 1566 οοοι
396 1519 480 1568 τουτου
495 1503 601 1587 palam
624 1504 776 1568 ostendere
798 1504 954 1590 arguitur.

190 1712 271 1802 Peg.
306 1711 382 1779 580.
417 1712 469 1778 12.
502 1711 554 1777 καί
586 1712 782 1791 βοηθήσουσιν
813 1715 838 1778 οἱ
869 1713 1014 1792 λέγοντες
1048 1715 1120 1796 ὑπὲρ
1153 1716 1248 1780 αθτοῖι
1276 1715 1335 1796 οὐχ

146 1817 221 1886 οὕτω
251 1822 349 1901 τοθτιρ
379 1819 570 1901 χαρίσασθαι
594 1820 643 1898 μθι
666 1821 735 1893 τοὺς
760 1821 841 1893 θεοὺς
865 1819 1067 1905 βουλόμενοι,
1091 1824 1130 1892 ὥς
1156 1820 1334 1903 ἐπηρεάζειν

146 1926 212 2004 ἐμοὶ
238 1925 289 1992 διαὶ
313 1928 367 2003 τὴν
392 1923 472 1992 ἰδίαν
496 1925 626 2007 ἔχθραν,
652 1916 686 1998 ἢν
712 1933 857 1991 OTTOC
881 1926 964 2007 αὐτῷ
988 1925 1061 2005 πρὸς
1086 1927 1140 2005 ἐμὲ
1161 1925 1199 1993 νῖν
1220 1930 1248 1993 τ’
1274 1927 1335 2004 ἐγὼ

146 2035 195 2114 Φῶ
227 2029 266 2097 ἄν
293 2057 328 2098 τε
351 2033 396 2111 μη
421 2031 498 2119 [φῶ]
526 2031 622 2114 φησὶν
646 2027 720 2098 είναι
745 2033 797 2098 καὶ
821 2029 969 2113 βιάζεται
994 2033 1046 2097 οθιι
1071 2033 1169 2112 θρθοῖς.
1215 2032 1334 2098 Misere

147 2143 315 2223 corruptus
347 2140 399 2203 hic
429 2137 517 2204 loeus
546 2142 594 2203 est
623 2158 724 2222 neque
754 2137 821 2204 ulle
851 2138 1039 2204 emendandi
1074 2159 1143 2223 spes
1174 2157 1335 2223 superesse

146 2243 284 2310 videtur.
332 2242 469 2310 Omnino
499 2242 621 2322 multe,
654 2248 692 2308 ut
721 2243 799 2309 olim
830 2244 975 2309 homines
998 2243 1083 2308 docti
1105 2244 1335 2310 animadverte

143 2355 242 2429 runt,
277 2352 312 2414 in
343 2351 488 2414 Midiane
518 2349 604 2416 male
633 2349 775 2416 mulcete
805 2355 837 2414 et
864 2349 993 2416 confuse
1016 2353 1048 2414 et
1071 2348 1193 2414 lacunis
1215 2349 1337 2414 hiantis

147 2455 321 2522 lectoribus
343 2458 471 2544 negotia
494 2455 661 2522 fecessunt.
709 2455 829 2534 Locus,
853 2455 977 2540 quode
1001 2457 1145 2542 egimus,
1169 2454 1337 2521 lacunosus

149 2569 196 2629 est
220 2569 253 2629 et
277 2563 440 2649 complura
463 2562 665 2645 exciderunt,
689 2581 824 2647 quorum
845 2563 1035 2627 sententiam
1059 2561 1189 2626 obscure
1212 2581 1337 2627 temere

148 2669 264 2755 uliquis
294 2669 424 2736 fortasse
447 2671 564 2755 possit,
589 2671 756 2733 restituere
780 2673 811 2732 et
834 2667 959 2753 explere
982 2687 1045 2731 non
1068 2668 1175 2752 possit.
1224 2663 1337 2753 Coepit

145 2773 375 2840 Demosthenes
405 2775 508 2840 dicere
539 2775 577 2840 de
610 2775 786 2840 oratoribus
817 2777 872 2858 qui
899 2794 951 2838 reo
976 2792 1069 2857 opem
1093 2777 1196 2838 essent
1218 2770 1334 2851 laturi,

146 2881 185 2946 de
208 2881 326 2965 quibus
348 2879 457 2966 paullo
481 2888 554 2946 unte
581 2880 703 2946 dixeret
726 2900 800 2967 pag.
816 2877 892 2946 576.
907 2876 960 2943 12.
984 2877 1079 2952 οὐδείς
1105 2879 1165 2945 iss
1189 2874 1250 2950 θςις
1271 2879 1336 2956 ἐμοὶ

146 2993 204 3052 τῶν
235 2987 391 3066 λεγόντων
422 2986 677 3068 συναγωνίζεται,
698 3023 739 3034 -·
759 2986 848 3051 ιῖλλθι
879 2984 976 3064 τούτῳ
1006 2983 1129 3057 ποίντας
1162 2984 1277 3049 αὐτίκα
1301 2985 1336 3060 δη

146 3091 240 3172 μάλα
264 3091 553 3174 συνεξεταζομίνους
578 3093 646 3166 τοὺς
671 3092 795 3173 ῥήτορας
823 3089 928 3170 ὄψεσθ’
953 3087 1077 3172 ἐφεξῆς.

190 3199 282 3265 Dixit
313 3201 432 3287 igitur:
457 3199 654 3275 βοηθήσουσιν
678 3200 703 3263 οῖ
727 3198 873 3274 λέγοντες
898 3196 995 3270 W,
1021 3194 1132 3260 deinde
1155 3197 1268 3283 ingens
1291 3195 1335 3262 la·

146 3325 226 3371 eune
257 3306 413 3371 ebsorbsit
444 3304 598 3390 quidquid
629 3304 667 3371 de
698 3302 829 3389 reliquis
862 3302 1011 3368 omnibus
1042 3307 1109 3366 eret
1140 3300 1280 3386 dietum,
1304 3306 1336 3366 et

146 3432 226 3496 ques
261 3413 296 3476 in
330 3410 421 3476 libris
453 3413 569 3476 nostris
604 3415 779 3496 sequuntur
814 3409 921 3474 omnia
955 3410 988 3472 in
1023 3428 1124 3473 unum
1159 3410 1333 3484 oratorem,

145 3516 329 3594 Eubulum,
362 3519 479 3602 scripte
511 3523 585 3582 sunt
616 3518 661 3581 sie
693 3516 756 3582 fere
788 3513 989 3601 configenda:
1019 3515 1155 3598 (ρτανίον
1178 3512 1261 3575 toece
1279 3533 1337 3595 ρνο

147 3624 249 3688 Midea
279 3621 479 3688 dictumest
502 3622 651 3708 Eubulus)
677 3623 737 3703 οὐχ
760 3617 835 3685 οὕτω
859 3619 955 3701 τούτῳ
979 3617 1169 3699 χαρίσασθαι
1193 3618 1242 3695 μοὶ
1266 3615 1337 3688 τοὺς

145 3729 228 3802 θεοὺς
259 3727 473 3808 βουλθμενΟΟ
503 3732 541 3802 cir
574 3725 748 3808 ε’σηρεοθζειν
781 3726 846 3805 ἐμοὶ
880 3724 931 3790 διοὶ
963 3726 1017 3797 την
1045 3725 1123 3790 ίδίαν
1147 3721 1279 3803 ἔχθραν,
1304 3713 1337 3793 ἣν

145 3832 242 3922 (οὗτοι
272 3833 348 3916 del.)
373 3835 456 3916 αὐτῷ
481 3835 551 3916 τρῖς
575 3834 631 3913 ἐμὲ
652 3871 693 3882 -
711 3832 806 3916 φησὶν
831 3827 915 3896 εἶναι.
964 3829 1135 3896 Manifesto
1158 3835 1229 3914 post
1251 3827 1337 3894 laeu-

144 3963 220 4008 nem
249 3944 356 4007 neseio
387 3941 457 4025 quis
488 3940 527 4006 de
558 3962 615 4005 suo
647 3935 732 4013 οὗτος
757 3939 901 4004 inseruit.
949 3935 996 4002 De
1020 3956 1083 4001 uno
1107 3938 1191 4000 certo
1216 3939 1337 3999 oratore

145 4049 222 4114 haee
251 4045 316 4112 dici
344 4051 376 4112 et
406 4067 480 4111 eum
511 4067 577 4111 esse
601 4043 766 4110 Eubulum
788 4044 888 4110 exiis
911 4063 991 4128 quae
1015 4043 1190 4126 sequuntur
1213 4043 1335 4103 certum

145 4159 203 4220 est.
227 4151 371 4218 Lneunes
394 4155 459 4218 iem
480 4153 514 4217 in
534 4153 766 4236 antiquissimis
786 4147 973 4226 Oedieibus,
996 4148 1110 4232 quibus
1132 4143 1339 4210 Alexandrini

146 4257 261 4326 critici
291 4259 479 4336 utebantur,
512 4258 609 4324 fuisse
632 4259 709 4322 satis
734 4259 867 4322 constet.
913 4253 1076 4319 Voeebsnt
1099 4251 1339 4332 διαλείμματα,

146 4371 178 4431 et
199 4367 397 4446 πληρώματα
414 4370 489 4432 sunt
510 4363 703 4432 (triticorum
724 4363 933 4447 supplementa.
954 4359 989 4426 ei
1002 4357 1107 4425 fichol.
1126 4356 1164 4423 ed
1180 4357 1342 4444 An'stoph.

144 4474 201 4540 Αο.
230 4468 330 4542 1342.
