3356 5084
720 337 784 413 521
853 327 855 329 ’

159 557 203 609 νος
225 555 300 624 pag.
326 531 401 602 799.
430 536 483 602 10.
507 535 568 616 ἐγὼ
591 535 623 602 ὑὲ
645 535 716 609 τοὺς
741 529 903 616 προγθνους
925 534 994 607 τοὺς
1019 530 1181 614 ὑμετέρους
1205 531 1257 596 καί
1284 525 1344 604 τάς

159 643 270 722 άρετιὶς
306 642 365 714 τάς
403 641 520 707 ἐκείνων
554 643 718 720 άνακαλῶ,
753 638 791 706 ὑν
826 639 886 705 οὐδ’
921 643 959 707 ‘0
994 638 1100 723 χρόνος
1134 641 1190 714 τήν
1220 638 1343 718 μνήμην

160 747 314 831 ήφάνικεν.
363 748 499 813 Ponitur
522 749 615 822 οὐδεὶς
640 747 744 830 χρθνος
770 749 804 812 in
823 747 925 811 futuri
943 747 1096 832 temporis
1115 742 1345 833 significatione

158 863 194 920 ut
225 855 310 940 apud
341 851 524 920 Ciceronem
555 875 612 940 pro
642 853 748 920 Deiot.
776 850 829 919 37.
857 854 929 917 θοοσ
952 853 1038 916 nulla
1060 875 1194 938 umquam
1217 857 1346 917 νοίιιοίοο

158 963 273 1039 obruet,
298 960 385 1024 ανίίο
408 983 543 1046 umquam
567 960 675 1024 delebit
699 959 817 1023 οθίίοίο.

202 1063 360 1133 Continuo
384 1067 544 1152 sequitur:
568 1067 643 1132 daa'
668 1065 770 1130 ἐκεῖνα
793 1065 850 1143 μὲν
873 1066 995 1147 άρχοιία
1019 1063 1072 1130 καί
1098 1060 1236 1130 παλαιά.
1269 1063 1344 1129 άλλ’

155 1167 177 1238 ά
207 1171 324 1244 πάντες
352 1170 501 1254 ἑοράκατε
531 1169 588 1238 ίσθ
617 1165 663 1236 ὑτι
687 1169 786 1253 πρῴην
808 1170 980 1249 Εὐβοεῦσιν
1004 1171 1119 1251 ήμερὺν
1142 1175 1228 1252 τριῶν
1252 1169 1344 1247 ἐβοη·

156 1277 270 1352 θήσατε
315 1277 367 1342 καί
412 1277 571 1355 Θηβαίους
607 1277 811 1348 ὑποσπθνδους
848 1276 1076 1356 ἀπεπέμψατε.
1135 1274 1248 1341 Dicam
1284 1294 1346 1359 quo

156 1383 250 1449 modo
272 1382 480 1450 manifestum
503 1387 538 1449 in
562 1383 612 1448 his
634 1382 786 1450 mendum
810 1385 913 1448 sanari
934 1385 1053 1468 possit:
1076 1403 1153 1447 narn
1176 1383 1247 1466 quie
1274 1400 1346 1447 eon-

157 1492 270 1574 ooquat
300 1489 347 1557 ίτε
380 1484 402 1554 ά
429 1487 545 1561 πάντες
578 1488 724 1570 ἐοράκατε
752 1485 798 1554 ὑτι
822 1485 920 1570 πρῴην
941 1488 1110 1566 Εὐβοεῦσιν
1134 1484 1345 1565 ἐβοηθήσατεί

157 1595 289 1674 Fuerat,
333 1600 371 1660 ut
412 1598 539 1680 opinor,
583 1603 1052 1670 annauaNTecrcoom,
1097 1592 1209 1658 deinde
1244 1593 1346 1659 sariba

157 1721 257 1786 quum
281 1721 446 1786 perperam
471 1702 546 1767 άλλ’
571 1697 592 1766 ά
617 1699 732 1772 πάντες
757 1698 816 1765 ἴσθ’
842 1697 887 1767 ὑτι
911 1721 967 1786 pro
991 1700 1080 1766 άλλά
1104 1700 1220 1770 πάντες
1245 1698 1346 1764 dedis·

156 1812 220 1886 set,
255 1806 378 1872 addidit
407 1810 512 1873 neseio
542 1810 615 1893 quis
641 1806 799 1889 ἑοράκατε.
858 1807 1048 1873 Rectissime
1070 1806 1167 1871 hebet
1187 1803 1276 1870 loeus
1300 1806 1346 1870 sie

157 1914 310 1999 scriptus:
343 1914 407 1978 aar
440 1913 621 1992 derivante
645 1915 768 1995 άρχαία
792 1912 844 1978 καί
868 1911 1009 1978 παλαιά·
1034 1911 1123 1977 attat
1147 1909 1262 1983 πάντες
1287 1908 1345 1975 ao·

156 2015 200 2085 άτι
233 2014 333 2100 πρῴην
364 2019 535 2098 Εὐβοεῦσιν
565 2023 681 2100 ήμερῶν
712 2023 797 2100 τριὺν
830 2019 1032 2098 ἐβοηθήσατε.
1081 2016 1211 2104 Pugnat
1246 2017 1345 2082 etiam

158 2124 304 2206 ἑοράκατε
347 2146 422 2192 oum
455 2127 562 2194 verbis
596 2125 649 2192 καί
685 2125 842 2204 Θηβαίους
879 2123 1083 2197 ὑποσπόνδους
1118 2121 1344 2203 άπεπέμψατε.

156 2233 344 2298 Αιιιίίνονοοιθ
367 2234 454 2298 enim
478 2233 537 2298 hoo
561 2231 720 2317 plerique,
744 2251 807 2298 non
829 2232 977 2297 viderant.

200 2487 283 2578 Peg.
318 2487 393 2554 598.
423 2487 454 2554 9.
479 2492 647 2575 postquam
672 2489 795 2555 dixerat
818 2484 955 2554 salutem
978 2488 1057 2573 reip.
1081 2488 1116 2552 in
1139 2485 1238 2553 elassa
1260 2485 1344 2572 (ταῖς

156 2593 314 2680 τριήρεσιν)
340 2615 406 2661 esse
429 2597 565 2680 positam
585 2597 632 2662 ita
651 2597 774 2682 pergit:
796 2594 821 2658 εί
841 2595 905 2675 γάρ
924 2591 1032 2659 πάντα
1051 2587 1159 2659 τάλλα
1183 2594 1213 2680 (ή
1233 2591 1346 2677 βουλή)

156 2697 314 2775 διοικήσειε
333 2701 454 2780 καλῶς,
481 2699 518 2765 δι’
541 2695 579 2766 ὑν
602 2701 634 2766 δέ
655 2700 692 2765 τί
714 2703 744 2766 τ’
769 2701 803 2778 ἐξ
825 2701 925 2779 tenir
951 2702 1042 2764 ταῦτ’
1066 2697 1266 2777 ἐκτησάμεθα
1293 2697 1344 2762 καί

154 2811 205 2870 νῦν
236 2804 370 2886 σώζομεν
398 2807 519 2881 ταὺτσος
544 2809 588 2884 μή
611 2809 772 2882 ποιήσαιτο
799 2806 870 2890 [τάς
894 2806 1020 2886 τριήρεις
1044 2803 1140 2890 λέγω]
1167 2804 1249 2870 οὑὺἐν
1267 2801 1346 2869 ἐκεί·

155 2935 208 2977 νυν
239 2910 363 2994 ίφειιος.
409 2911 542 2999 Expeile
572 2913 694 2999 puerile
725 2912 980 2978 additamentum
1012 2913 1103 2997 quasi
1126 2916 1284 2977 metueret
1307 2931 1347 2977 ne

155 3003 276 3085 iudices
300 3040 363 3104 qua
386 3019 424 3084 de
447 3039 481 3084 re
505 3023 653 3106 ageretur
675 3018 769 3084 obliti
792 3021 905 3083 essent.
949 3015 1084 3083 Videtur
1106 3015 1185 3082 olim
1207 3020 1241 3083 in
1264 3038 1348 3084 mar·

155 3127 228 3212 gine
253 3124 451 3218 adscriptum
476 3124 573 3191 fuisse
596 3125 655 3197 τάς
680 3124 805 3206 τριήρεις
829 3106 885 3202 at,
911 3125 945 3188 id
969 3128 1017 3189 eat
1039 3121 1140 3201 λέρει.

197 3362 278 3452 Peg.
313 3361 389 3431 598.
415 3361 470 3432 20.
493 3364 559 3432 οὔτ’
584 3363 623 3430 άν
646 3358 732 3436 οὑτος
757 3363 822 3444 ἔχοι
847 3363 953 3443 λέγειν
976 3361 1035 3429 ooo·
1060 3363 1148 3443 ὑμεῖς
1173 3363 1344 3440 πεισθείητε

160 3468 238 3558 [άν].
286 3469 450 3536 Omissum
480 3474 514 3537 in
544 3470 568 3537 8
592 3470 630 3536 νίν
654 3470 901 3558 expungendum
925 3475 983 3537 est.
1031 3471 1103 3536 Non
1127 3475 1175 3536 est
1198 3489 1254 3535 suo
1277 3470 1346 3536 loeo

155 3579 308 3662 positum.
356 3576 392 3642 Si
423 3578 596 3644 addidisset
625 3577 855 3643 Demosthenes
886 3576 949 3642 odr'
983 3575 1021 3642 θον
1054 3579 1142 3655 ὑμεῖς
1175 3578 1346 3652 πεισθείητε

157 3681 301 3748 dixisset.
348 3681 408 3749 Sed
440 3683 663 3769 percommode
692 3685 725 3748 in
748 3683 932 3749 huiusmodi
959 3686 1186 3770 compositione
1209 3681 1349 3750 alterurn

158 3786 197 3852 άν
220 3791 394 3854 omittitur.

203 4027 283 4116 Peg.
319 4026 395 4094 599.
428 4026 482 4094 20.
515 4025 561 4094 ὑτι
593 4029 690 4095 τοίνυν
721 4031 782 4096 οὐδ’
814 4030 910 4106 αίτιος
945 4027 1042 4103 ἄλλος
1074 4029 1169 4102 οὐδεὶς
1193 4029 1350 4111 σίνθρὺπονν

158 4132 205 4201 et
230 4137 284 4198 τοὺ
310 4133 354 4212 μή
378 4134 559 4208 πεποιήσθαι
584 4134 643 4208 τάς
669 4141 742 4208 ναὺς
763 4141 872 4220 σαφῶς
892 4137 963 4214 ὑμῖν
984 4137 1133 4212 ἐπιδείξω.
1172 4136 1351 4202 Audiamus

158 4258 221 4323 quo
252 4245 344 4325 paeto
375 4240 409 4305 id
441 4244 605 4327 perspicue
633 4241 915 4308 demonstraverit:
942 4245 1097 4308 οίνελοῦσα
1120 4241 1183 4322 γάρ
1209 4245 1225 4318 ή
1251 4242 1349 4320 βουλή

158 4343 210 4407 τὺν
245 4343 334 4420 νθμον
367 4350 473 4412 τοῦτον
506 4347 729 4428 ἐχειροτόνησεν
761 4349 868 4425 αὑτήν.
917 4347 1001 4430 Quid
1032 4353 1103 4414 tum
1127 4346 1255 4434 postea?
1301 4350 1350 4417 Ne

159 4449 293 4520 verbnm
318 4452 448 4538 quidem
472 4451 611 4538 amplius
634 4454 772 4523 additur.
809 4454 893 4541 Quid
918 4453 1031 4524 multis
1053 4454 1159 4526 verbis
1183 4475 1262 4543 opus
1281 4453 1350 4526 θεοί
