3296 5104
915 341 959 409 28

384 528 464 620 Pag.
490 530 542 598 38.
569 533 619 600 ’24
654 535 736 612 ὑμᾶς
769 533 843 610 άξιῶ
870 573 911 585 -
936 537 980 615 μίρ
1012 543 1209 619 παραχωρεῖν
1238 543 1294 610 τῆς
1325 531 1466 611 τάξεως,
1505 524 1545 605 ἣν

339 635 411 712 ὑμῖν
435 640 460 703 οἰ
484 640 622 720 πρόγονοι
658 640 726 727 [τῆς
758 643 882 725 άρετῆς]
912 644 998 718 μετά
1029 651 1150 708 πολλῶν
1181 643 1233 708 καί
1265 649 1367 707 καλῶν
1390 641 1546 706 κινδύνων

338 745 523 821 κτησάμενοι
544 747 722 812 κατέλιπον.
754 747 843 813 Haec
864 747 1031 833 aliquando
1049 753 1083 814 in
1101 755 1228 816 vetusto
1248 747 1330 813 libro
1346 749 1391 812 sic
1411 749 1545 831 scripta

337 851 435 917 fuisse
448 855 601 938 suspicor:

1003 965 1202 1040 παραχωρεῖν

603 1074 658 1140 τῆς
682 1064 799 1140 τάξεως
836 1055 869 1138 iic
905 1065 976 1140 ὑμῖν
1003 1066 1029 1129 οἰ
1060 1065 1198 1144 πρόγονοι
1244 1075 1290 1128 roc
1309 1069 1396 1132 ἄσεσθε

605 1171 688 1248 μετά
715 1177 837 1236 πολλῶν
861 1170 912 1235 καί
938 1173 1040 1235 καλῶν
1060 1170 1197 1237 κινδύνων

601 1276 788 1353 κτησάμενοι
812 1277 991 1342 κατέλιπον.

381 1383 611 1467 interpretatus
642 1391 690 1448 est
719 1383 836 1468 aliquis
867 1385 899 1446 in
932 1403 985 1446 cra
1015 1381 1091 1447 libri
1122 1402 1201 1467 quse
1231 1387 1313 1447 esset
1337 1381 1353 1453 ιί
1378 1378 1472 1456 τάξις
1501 1379 1539 1455 ἣν

336 1489 405 1566 ὑμῖν
431 1490 455 1552 οἱ
480 1488 618 1568 πρόγονοι
642 1488 827 1565 κατέλιπον,
860 1489 972 1553 deinde
1001 1509 1037 1553 ea
1061 1486 1321 1554 adnotatiuncula
1342 1489 1475 1571 irrepsit
1500 1488 1538 1550 in

334 1599 469 1659 textum.
507 1594 599 1659 Nihil
621 1601 670 1660 est
694 1599 711 1670 ἡ
735 1595 823 1671 τάξις
848 1602 902 1668 τῆς
927 1596 1058 1672 operor,
1084 1596 1166 1658 etsi
1190 1583 1428 1678 quammaxime
1449 1591 1535 1657 haec

334 1703 485 1788 coniungi
507 1706 641 1786 possent,
668 1703 738 1785 quis
760 1704 841 1766 serio
864 1701 970 1766 credat
992 1708 1046 1775 τῆς
1071 1702 1180 1779 άρετῆς
1204 1699 1261 1766 illo
1286 1699 1355 1765 loco
1370 1701 1452 1784 poni
1474 1718 1533 1784 po

334 1803 454 1870 tuisse?

378 2046 458 2136 Pag.
473 2047 527 2113 42.
543 2048 612 2114 ὑάν
629 2046 739 2124 ἕκαςος
753 2087 796 2099 -
810 2050 891 2128 ὑμῶν
905 2087 945 2097 -
961 2053 1067 2114 πᾶσαν
1080 2047 1175 2130 άφείς
1198 2049 1253 2122 τὴν
1276 2047 1425 2127 εἰρωνείαν
1451 2042 1529 2112 ἕτοι-

332 2179 389 2233 μος
413 2154 531 2233 ὑπάρξῳ
555 2154 568 2217 θ
593 2155 650 2227 μὲν
672 2153 816 2235 χρήματ’
843 2152 921 2234 ἔχων
947 2155 1114 2236 εἰσφέρειν,
1138 2155 1152 2218 ὑ
1178 2155 1204 2220 δ’
1218 2155 1248 2219 ἰν
1266 2153 1370 2236 ἡλικίρι
1395 2154 1527 2234 ςρατεὺ·

331 2264 474 2325 εσθαι-
492 2261 534 2325 τά
556 2261 675 2340 ὑμέτερ’
696 2261 796 2324 αὑτῶν
821 2263 981 2338 κομιεῖσθε.
1014 2260 1103 2326 Haeo
1122 2263 1253 2346 antiqua
1273 2266 1305 2326 ot
1328 2281 1403 2326 vera
1426 2259 1527 2325 lectio

280 2421 287 2434 .
331 2372 396 2444 est,
418 2387 514 2450 quam
534 2369 567 2430 in
587 2369 702 2430 nostris
724 2364 816 2430 libris
838 2369 939 2451 inepti
961 2367 1101 2432 hominis
1121 2355 1376 2432 additamentum
1387 2367 1526 2452 impedi-

331 2478 399 2536 tam
435 2476 468 2536 et
500 2471 670 2536 molestam
705 2471 851 2536 reddidit.
900 2472 1015 2538 Editur
1045 2475 1130 2538 enim
1155 2469 1272 2550 ἕτοιμος
1298 2479 1524 2538 ΠΡΑΤΤΕΙΝ

332 2577 461 2659 ὑπάρξῳ.
510 2577 597 2656 Quae
621 2583 669 2642 est
688 2579 774 2642 enim
797 2580 932 2642 istorum
956 2578 1113 2656 socordia,
1136 2598 1198 2643 non
1221 2578 1305 2644 vidit
1326 2578 1422 2643 homo
1446 2576 1524 2643 ἕτοι-

331 2707 388 2762 μος
414 2722 455 2732 -
481 2683 631 2764 εἰσφέρειν
656 2721 696 2732 -
722 2685 924 2762 ςρατεὺεσθαι
956 2688 1123 2749 coniuncta
1154 2705 1220 2750 esse
1248 2690 1280 2750 et
1303 2687 1450 2769 opinatus
1475 2688 1523 2750 est

331 2792 365 2854 in
388 2788 507 2867 ἕτοιμος
538 2787 656 2870 ὑπάρξρ
678 2787 876 2857 infinitivum
906 2790 1046 2876 aliquem
1070 2791 1178 2872 αρειιάί
1201 2789 1342 2876 suppleri
1366 2795 1520 2877 oportere.

377 3031 468 3112 Quod
483 3051 603 3118 magna
613 3033 648 3096 vi
660 3036 692 3095 et
704 3033 877 3097 acrimonia
887 3029 1058 3096 vehemens
1070 3035 1173 3096 orator
1185 3024 1307 3095 dixerat
1318 3052 1391 3120 pag,
1405 3030 1462 3099 48.
1479 3029 1519 3096 17

330 3137 446 3203 sciolus
468 3139 576 3223 inepto
607 3137 822 3202 additamento
846 3136 1027 3202 debilitavit
1050 3144 1083 3202 et
1105 3138 1213 3224 fregit.
1260 3136 1409 3203 Dixerat:
1433 3135 1456 3204 ά
1482 3136 1517 3202 άν

330 3245 403 3322 ὑμῖν
434 3242 546 3325 άρέσκῳ
576 3244 809 3322 χειροτονήσατε
841 3240 891 3306 ἵνα
922 3245 966 3319 μίρ
996 3249 1157 3307 MONON
1190 3243 1219 3306 ἐν
1241 3253 1305 3316 τοῖς
1329 3246 1515 3325 ψηφίσματι

329 3351 382 3416 καί
407 3359 478 3420 ταῖς
507 3349 666 3422 ε’πιςνλαΐς
697 3358 854 3426 πολεμῆτε
879 3350 1034 3430 Φιλίππῳ.
1084 3347 1233 3435 Corrupit
1255 3351 1363 3415 omnia
1386 3351 1442 3434 qui
1465 3350 1517 3414 fri-

328 3456 495 3544 gidissime
518 3455 657 3520 addidit:
682 3455 771 3520 άλλά
794 3455 846 3520 καί
868 3463 930 3528 τοῖς
953 3455 1061 3535 ἔργοις.

373 3698 453 3786 Peg.
480 3697 533 3764 49.
558 3698 580 3765 2
603 3698 831 3764 Demosthenes
861 3703 1030 3782 postquam
1053 3699 1177 3765 civibus
1201 3699 1302 3764 suasit
1324 3703 1362 3762 ut
1385 3698 1514 3764 classem

328 3810 361 3871 et
391 3807 496 3889 copias
529 3808 746 3888 compararent
776 3824 856 3889 quae
887 3810 991 3869 essent
1020 3810 1171 3889 perpetuo
1201 3806 1236 3868 in
1267 3806 1365 3877 armis
1396 3809 1427 3870 et
1450 3807 1513 3870 sine

327 3909 396 3976 ulla
426 3912 660 3975 intermissione
691 3909 731 3974 ad
759 3908 882 3974 bellum
911 3930 986 3974 cum
1016 3909 1167 3995 Philippo
1194 3910 1370 3997 gerendum
1393 3913 1512 3995 praesto

328 4017 430 4082 forent
454 4021 486 4081 et
515 4015 720 4080 Macedoniae
752 4035 876 4100 semper
909 4015 1040 4080 infestae
1070 4018 1294 4093 imminerent,
1323 4017 1372 4079 ita
1393 4018 1510 4103 pergit:

330 4121 463 4202 ὑπάρχει
500 4120 525 4184 δ’
550 4123 620 4198 ὑμῖν
656 4121 809 4201 χειμαδίιρ
844 4122 900 4198 μὲν
931 4124 1065 4201 χρῆσθαι
1094 4130 1133 4201 τῇ
1162 4119 1292 4198 δυνάμει
1324 4122 1439 4200 Λήμνῳ
1462 4117 1510 4183 καί

329 4225 423 4308 Θάσῳ
447 4228 499 4291 καί
526 4224 646 4306 Σκιάθῳ
670 4227 721 4290 καί
746 4233 817 4298 ταῖς
842 4227 873 4288 ἐν
897 4226 992 4306 τούτῳ
1016 4228 1058 4306 τῳ
1082 4226 1164 4306 τόπῳ
1188 4228 1302 4302 νάσοις,
1333 4227 1364 4290 ἐν
1387 4221 1437 4298 αἶς
1463 4223 1508 4288 καί

327 4333 449 4411 λιμένες
482 4333 534 4397 καί
567 4341 650 4405 σῖτος
680 4335 732 4397 καί
756 4325 778 4398 ά
801 4334 861 4412 χρὴ
891 4333 1083 4412 ςραπειίματι
1114 4331 1203 4397 πάνθ’
1235 4331 1388 4411 ὑπάρχει·
1412 4335 1465 4406 τὴν
1486 4331 1508 4394 δ’

328 4438 403 4522 οἰραν
428 4444 481 4505 ταῦ
505 4436 609 4518 ἔτους,
643 4435 693 4504 ὅτε
725 4438 777 4502 καί
808 4437 881 4520 πρὸς
904 4449 942 4521 τῇ
966 4447 1009 4521 γῇ
1034 4437 1175 4515 γενέσθαι
1199 4438 1295 4523 ρ’ρίδιον
1319 4437 1370 4503 καί
1397 4441 1432 4504 ri
1456 4443 1506 4502 τῶν
