3296 5104
702 365 746 434 27

171 549 332 622 Continuo
363 557 516 642 sequitur:
542 555 612 630 ίσος
638 555 676 621 ἀν
701 596 744 606 -
768 563 827 623 τῶν
849 555 990 623 τοιούτων
1015 555 1190 634 λημμάτιον
1214 560 1321 622 ἀσολ-

125 660 304 738 λοιγείιςτε,
337 657 360 726 ἀ
391 669 454 734 τοῖς
488 663 644 729 ἀσθενοῦσι
676 665 762 744 ποιρά
793 671 851 728 τῶν
882 666 991 743 ίοιτρῶν
1021 661 1126 736 σιτίοις
1159 662 1320 740 διδομένοις

124 763 231 830 ἔοικεν.
265 768 316 831 rel
349 769 411 846 γάρ
443 768 545 834 ἐκεῖνον
581 768 644 836 οὔτ’
667 771 759 850 ίσχὺν
783 770 930 844 ἐντίθησιν
954 769 1016 835 οὔτ’
1047 770 1245 845 ἀποθνήσκειν
1272 768 1319 851 ἐᾷ.

125 871 298 939 Praeclara
329 874 407 940 heeo
438 881 470 941 et
492 876 635 942 multum
660 877 817 942 celebrato
840 879 921 956 ῥῆσις
944 877 1067 942 dnobus
1090 876 1215 941 mendis
1229 879 1321 964 ,tam-

126 999 229 1063 qnnm
260 979 398 1044 mnoulio
421 980 596 1047 deformato
619 989 682 1060 est,
706 1003 841 1067 quornm
865 981 1001 1048 alterum
1029 982 1107 1046 olim
1130 980 1247 1047 sustuli
1270 980 1321 1045 de·

126 1084 225 1150 leudo
254 1087 424 1152 ἀσθενοῡσι.
473 1085 597 1173 Nempe
628 1097 692 1159 τοῖς
715 1087 884 1153 manifesto
907 1088 947 1153 od
973 1088 1077 1160 σιτίοις
1102 1087 1321 1154 referendum,

126 1211 189 1254 neo
219 1197 327 1257 tamen
358 1191 424 1257 ullo
454 1193 550 1259 modo
578 1197 613 1259 in
645 1203 708 1268 τοῖς
740 1193 897 1257 ἀσθενοῦσι
921 1194 1027 1259 deesse
1050 1197 1164 1278 potest.
1211 1192 1323 1277 ltaque

128 1295 315 1362 Dindorfius
344 1301 379 1362 in
410 1299 547 1364 editione
570 1303 693 1367 minore
717 1299 856 1388 (Lipsiae
879 1299 963 1385 opud
986 1298 1190 1364 'l'eubnerum
1216 1297 1317 1385 1855)

129 1421 207 1488 pag.
238 1401 323 1468 XIV.
356 1413 419 1478 τοῖς
450 1413 513 1478 τοῖς
545 1407 701 1470 ἀσθενοῦσι
726 1443 768 1454 -
792 1407 896 1478 σιτίοις
921 1405 1080 1481 διδομένοις
1104 1407 1238 1470 coniecit
1260 1407 1322 1470 im·

131 1527 257 1572 memor
285 1529 412 1582 eorum.
437 1531 516 1596 quae
539 1513 574 1576 in
597 1514 716 1576 maiore
741 1511 879 1577 editione
902 1509 1031 1592 (Oronti
1056 1509 1168 1596 1846).
1193 1533 1266 1599 ρος.
1292 1511 1324 1576 X

130 1615 309 1678 rectissime
345 1615 484 1683 dixerut:
520 1641 579 1682 νοιι
614 1619 846 1682 committendum
873 1619 984 1700 potavi
1018 1625 1052 1681 ιιι
1087 1618 1321 1704 σίοριοσιιιίιιίνιο

130 1719 246 1782 oratori
280 1720 389 1806 insane
423 1729 450 1787 σθ
483 1731 646 1788 contortum
679 1725 866 1808 alienumque
899 1725 935 1786 ud
968 1724 1138 1788 Atticorum
1173 1725 1321 1806 eloquentia

132 1826 301 1907 offinperem
329 1850 421 1908 ρσιιιιο
451 1830 580 1894 dicendi.
629 1829 692 1894 Sed
723 1829 811 1896 salva
839 1849 888 1894 res
920 1831 980 1894 orit
1012 1830 1068 1894 ubi
1091 1833 1162 1915 quis
1187 1829 1325 1896 alterum

133 1931 290 1996 mendum
319 1933 558 2019 deprehenderit
584 1939 807 2020 exemeritque.
855 1934 1049 2021 Expromam
1081 1938 1184 2023 igitur
1217 1936 1324 2002 looum

133 2036 220 2101 unde
250 2059 364 2103 verum
396 2039 469 2105 elici
492 2044 618 2126 poterit.
666 2041 801 2130 Legitur
820 2061 894 2126 pag.
922 2038 997 2105 461.
1026 2040 1077 2106 16.
1103 2041 1225 2122 μείζους
1249 2044 1324 2108 είσίν

136 2144 169 2205 σί
202 2143 291 2224 ποορά
324 2153 382 2209 τῶν
415 2146 515 2223 δήμων
538 2149 644 2228 δωρεαί
667 2154 725 2212 τῶν
750 2146 836 2227 ποιρά
860 2152 918 2211 τῶν
942 2143 1046 2210 ἀλλων
1070 2153 1228 2212 πολιτειῶν
1251 2147 1325 2212 διδο-

136 2249 244 2324 μένων,
288 2249 472 2339 Diligenter
501 2255 662 2320 considera
685 2258 808 2320 rectene
831 2253 908 2318 hoen
932 2253 1069 2317 habeant
1094 2273 1133 2317 nu
1156 2273 1255 2316 seous.
1289 2249 1326 2316 si

136 2352 368 2422 Demosthenes
404 2361 438 2424 in
468 2381 504 2424 en
534 2381 568 2425 re
599 2363 765 2446 participio
798 2357 951 2436 διδόμενοι
983 2360 1033 2424 nti
1064 2357 1235 2433 voluisset‚
1269 2357 1326 2422 ubi

137 2461 268 2528 tandem
290 2463 492 2531 collocasset?
514 2465 656 2532 Dixisset
674 2468 848 2532 necessario
864 2468 898 2529 σι’
919 2464 1006 2545 rapt
1026 2471 1085 2529 τῶν
1104 2465 1205 2542 δήμιον
1219 2463 1324 2543 δωρεαί

138 2565 303 2645 διδόμενοι.
350 2569 443 2636 Nunc
474 2593 575 2657 neque
606 2572 665 2637 hoc
689 2573 772 2636 dixit
795 2592 896 2656 neque
918 2570 1017 2647 illud,
1042 2570 1098 2636 sed
1120 2569 1205 2636 molo
1228 2570 1327 2635 obun-

139 2671 215 2737 dens
244 2678 451 2762 perticipium
481 2698 499 2742 a
529 2676 617 2742 futili
642 2683 814 2743 oorreotore
837 2677 1066 2763 interpolatum
1090 2682 1145 2741 est.
1195 2674 1326 2762 Optime

140 2783 171 2842 et
200 2783 341 2850 ἀττικιςί
368 2783 485 2848 dieitur·
508 2786 541 2849 οιί
566 2784 653 2864 ποιοά
676 2790 734 2848 τῶν
759 2783 860 2860 δήμων
883 2783 1006 2863 δωρεαί,
1033 2787 1070 2847 ut
1092 2803 1165 2868 pag.
1193 2779 1268 2848 476.
1295 2781 1325 2848 2.

139 2893 208 2957 τοῖς
229 2888 305 2965 παρ’
329 2888 440 2953 ἐκείνου
464 2889 609 2970 torpeas,
637 2894 668 2954 ot
691 2892 811 2974 possim
836 2890 953 2968 νὶποιρά
978 2889 1049 2953 θεῶν
1071 2886 1188 2962 εθνοιοι,
1214 2888 1227 2951 θ
1251 2885 1326 2967 παρ’

141 2991 214 3066 ἐμοῦ
251 2993 359 3070 λόγος,
399 2996 423 3059 οί
458 2995 545 3075 ποιρά
578 2997 733 3060 Φιλίππου
765 2994 931 3074 πρέσβεις,
965 2995 998 3058 οιί
1032 2993 1118 3072 sapt
1148 2997 1202 3057 τοῦ
1236 2994 1328 3064 δεῖνος

141 3099 262 3170 uene
288 3101 375 3187 (pag.
402 3099 454 3165 52.
480 3100 558 3190 24),
584 3107 616 3167 et
636 3100 742 3166 multa
760 3101 824 3166 alin
842 3101 893 3165 his
914 3099 1042 3166 similia.
1079 3097 1191 3184 ltaque
1208 3102 1329 3186 optime

141 3210 173 3268 et
205 3207 343 3274 ἀττικιςί
377 3207 495 3271 dieitur
529 3207 571 3271 τά
605 3207 691 3286 ποορά
729 3211 787 3270 τῶν
823 3209 930 3285 ίοιτρῶν
961 3206 1046 3270 σιτίσι
1078 3211 1110 3271 ot
1142 3208 1188 3270 sio
1211 3209 1345 3271 emieat

143 3314 262 3376 summi
294 3311 435 3378 Oratoris
465 3335 579 3378 monus
610 3315 707 3379 haee:
739 3305 761 3376 ἀ
789 3321 852 3385 τοῖς
884 3312 970 3392 τοιρά
1001 3318 1059 3376 τῶν
1090 3313 1198 3392 ίστρῶν
1221 3312 1326 3384 σιτίοις

143 3415 246 3482 ἔοικεν.
293 3416 403 3484 Oculis
432 3440 530 3504 paene
553 3422 712 3485 cernimus
736 3416 978 3483 correctoroulos
1001 3419 1142 3502 primum
1167 3417 1328 3495 διδομένοις

139 3525 339 3590 infertientes
361 3525 474 3591 deinde
497 3527 669 3601 ἀσθενοῦσι,
689 3527 777 3610 quusi
797 3544 953 3608 umquam
973 3521 1016 3587 πά
1036 3523 1123 3602 ποιρά
1143 3529 1201 3587 τῶν
1221 3525 1330 3605 ίοιτρῶν

141 3631 225 3694 reris
249 3631 335 3696 sonis
358 3635 390 3696 et
412 3631 594 3697 volentibus
617 3631 775 3696 darentur.
824 3627 907 3695 Sunt
928 3631 1006 3694 haec
1028 3630 1099 3713 ipsu
1122 3650 1179 3714 per
1201 3650 1234 3694 se
1254 3632 1331 3696 setis

143 3736 235 3820 plana
266 3743 299 3802 et
329 3740 511 3823 perspicuo,
536 3759 599 3803 non
620 3759 731 3823 sperno
755 3742 861 3802 temen
884 3735 1085 3811 luculentum
1110 3737 1331 3801 testimonium

144 3865 181 3908 en
205 3845 436 3928 antiquissimis
458 3842 549 3909 libris
573 3843 728 3910 oblatum.
778 3841 814 3906 ln
837 3843 999 3908 Ροοοοιιιίιί
1020 3863 1038 3906 u
1059 3843 1164 3906 neseio
1182 3861 1244 3926 quo
1262 3841 1331 3905 rhe-
1435 3845 1440 3856 ’

145 3955 209 4014 tore
232 3948 375 4014 collectis
399 3954 431 4014 et
454 3970 607 4037 magnum
629 3957 753 4036 partem
778 3969 817 4013 ex
840 3946 1054 4013 Demosthene
1075 3949 1191 4011 sumtis
1210 3945 1332 4034 legitur

145 4075 216 4142 pag.
250 4052 348 4120 1460.
383 4055 412 4119 1.
444 4055 633 4132 θμοιίτοοτοο,
667 4052 688 4119 ὦ
721 4054 825 4134 ἀνδρες
858 4053 1031 4131 Ἀθηναῖοι,
1064 4057 1126 4122 τοῖς
1158 4051 1244 4130 rapot
1274 4057 1331 4116 τῶν

147 4163 252 4238 terror
283 4160 389 4232 σιτίοις
419 4160 550 4233 διδόντες
584 4162 665 4238 ὑμῖν.
691 4161 743 4225 real
768 4163 830 4240 γάρ
855 4161 956 4224 ἐκεῖνον
979 4157 1044 4224 οὔτ’
1069 4157 1162 4236 ἰσχὺν
1186 4157 1332 4232 ἐντίθησιν

148 4266 208 4331 οὔτ’
232 4267 432 4340 ἀποθνήσκειν
454 4267 502 4350 ἐᾷ.
540 4266 649 4333 Viden'
673 4269 750 4353 quid
773 4265 829 4332 ille
852 4268 885 4330 in
909 4284 966 4331 suo
988 4265 1071 4329 libro
1084 4261 1222 4354 legerit?
1247 4261 1332 4335 Satis

147 4375 247 4461 igitur
270 4374 327 4439 diu
350 4395 406 4440 nos
429 4373 520 4440 soioli
542 4379 617 4441 sunt
639 4371 803 4439 ludificati.
