3356 5086
855 249 920 320 312

288 441 378 516 cinus
406 445 534 514 videtur
567 447 675 510 contra
705 442 803 508 libros
837 437 1013 520 decernere.
1058 441 1144 528 Ergo
1175 445 1291 506 testem
1325 435 1500 505 idoneum

288 555 472 641 producam.
496 549 632 616 Prodeat
655 550 723 633 ipse
746 550 948 614 Aristarchus
972 548 1011 613 ad
1031 546 1122 612 Iliad.
1146 558 1182 612 X.
1205 545 1257 611 67.
1279 545 1498 626 ἐρύονσινε

291 663 308 736 sl
334 660 427 731 διπλοῖ
451 653 497 720 ὅτι
519 653 626 736 χρόνοτ
650 654 809 728 ἤλλακται
833 654 902 718 riori
928 659 980 718 τοῦ
1009 652 1207 732 ε’ρύσονΕιν
1231 651 1283 715 καὶ
1306 653 1336 714 έν
1365 653 1497 716 Ὀδυσ-

291 765 360 848 σεόρι
394 765 515 842 ,νευρὴν
540 759 913 825 ἕντανύ61Ν”ο1ντ1τοῦ
938 759 1124 824 ἐντανύΟειν.
1160 756 1230 822 Iam
1252 777 1315 822 non
1338 762 1385 822 cst
1411 756 1497 822 ulla

291 870 443 955 amplius,
469 872 506 932 ut
530 869 658 952 opinor,
684 865 852 930 dubitatio.

335 975 497 1040 Homerus
518 975 637 1060 igitur,
661 975 699 1034 61
721 972 822 1034 Attici
841 991 966 1048 omnes,
988 973 1022 1034 in
1040 970 1091 1034 his
1110 975 1276 1033 constanter
1295 978 1318 1032 c
1339 967 1495 1034 elidebat

290 1081 469 1166 formasque
492 1098 549 1165 pro
571 1098 605 1142 re
627 1081 703 1140 nata
726 1075 928 1142 contrahebat
952 1080 1088 1140 autnon
1109 1073 1327 1140 contrahebat:
1348 1072 1495 1158 perinde

292 1186 417 1251 dicebat
439 1182 538 1250 τελέει
561 1186 594 1248 61
615 1187 719 1264 τελεῖ,
744 1181 903 1246 τελέεσθαι
928 1186 960 1248 61
983 1181 1158 1258 τελεῖσθαι,
1182 1181 1321 1244 ὀλέεσθαι
1347 1179 1434 1245 61τό
1461 1178 1494 1242 δ’

293 1291 365 1368 ε’μόν
396 1289 482 1361 κλέος
514 1287 619 1354 οὔποτ’
645 1289 775 1352 ὀλεῖται.
814 1284 1222 1372 Ρ16611666666611δαμρῖ
1248 1291 1280 1350 61
1304 1283 1415 1368 tancia
1440 1285 1493 1348 si-

292 1394 462 1480 miliaque,
487 1399 525 1458 ut
548 1412 596 1458 res
620 1396 652 1456 et
673 1393 801 1456 numeri
824 1391 974 1456 ferebant.
1000 1390 1112 1472 κομίζω
1135 1391 1343 1467 habetatur&
1366 1389 1491 1476 Odyae.

295 1511 334 1586 Q.
367 1497 442 1564 546.
474 1497 558 1565 πόνόε
586 1499 611 1561 δ’
636 1497 696 1575 ἐγὼ
720 1505 851 1575 κομιῶ.
876 1498 966 1564 verbi
990 1497 1112 1578 κτερόζω
1137 1497 1283 1562 futurum
1306 1501 1354 1560 661
1377 1501 1491 1574 κτεριῶ

293 1603 386 1670 Iliad.
420 1616 457 1670 Σ.
490 1603 566 1668 334.
597 1603 632 1668 ού
662 1626 696 1666 σε
727 1603 967 1683 πρ1νκτεριοῖ.
993 1607 1025 1667 61
1050 1607 1195 1682 κτεριοῡσι
1221 1601 1312 1666 Iliad.
1338 1611 1378 1666 A.
1405 1599 1489 1664 455.

293 1708 496 1788 κτεριοῦσί
531 1732 570 1785 γε
601 1709 654 1774 δῖοι
687 1708 823 1788 Ἀχαιοί.
855 1713 889 1772 61
921 1717 958 1772 Χ.
992 1705 1069 1772 336.
1102 1708 1153 1772 τόν
1184 1706 1215 1771 δὲ
1247 1709 1489 1786 κτεριοῦσιν

293 1814 428 1893 Ἀχαιού.
454 1813 506 1878 Sic
528 1812 649 1894 οόεικίζνι
673 1813 1077 1879 1616116161616οόεικιῶ.
1112 1813 1203 1878 iliad.
1228 1824 1266 1878 X.
1291 1811 1369 1878 256.

559 1921 592 1984 ού
616 1921 678 1999 γόιρ
702 1920 763 1997 ἐγώ
788 1919 818 1982 σ’
844 1917 1003 1996 ἔκπαγλον
1027 1921 1179 1984 οόεικιῶ.

295 2029 341 2092 616
372 2032 404 2091 61
426 2027 628 2103 ἀγλαϊεῖσθαι
657 2025 739 2090 dixit
768 2023 863 2091 iliad.
893 2033 930 2089 K.
965 2024 1040 2089 311.
1066 2029 1097 2090 61
1122 2025 1365 2102 ἐπαγλαϊεῖσθαι
1389 2023 1483 2090 Iliad.

295 2142 336 2200 Σ.
363 2130 438 2196 133.
462 2135 570 2198 omnia
592 2131 685 2218 plane
706 2135 744 2194 61
766 2131 974 2195 Athenienses
998 2129 1151 2195 solebant.

341 2236 404 2302 Sed
434 2237 520 2302 idem
550 2237 727 2318 Homerus,
752 2237 869 2320 quiex
892 2235 943 2300 his
967 2236 1116 2301 omnibus
1139 2234 1250 2301 formis
1275 2245 1298 2300 c
1320 2241 1481 2319 removet,

297 2343 368 2409 aliis
398 2343 476 2408 locis
506 2345 539 2406 in
569 2342 684 2408 iisdem
718 2350 740 2404 C
770 2360 834 2405 non
862 2343 993 2416 eximit,
1025 2341 1081 2406 sed
1103 2344 1256 2428 geminat.
1293 2339 1356 2421 Qui
1379 2340 1482 2408 καλέω

296 2448 374 2513 dicit
404 2448 490 2512 idem
522 2445 769 2526 προκαλέσσεται
801 2465 914 2530 ponere
942 2445 1032 2510 solet.
1075 2446 1125 2511 Hx
1149 2445 1262 2523 ὀλλυμι
1284 2447 1383 2512 simul
1406 2448 1482 2511 ὀλέω

294 2556 434 2619 nascitur
456 2559 489 2618 et
507 2555 644 2630 ὀλεῖται,
666 2551 765 2618 simul
784 2551 937 2628 ὀλέσσεις,
957 2552 1087 2617 ὀλέσσει.
1112 2550 1225 2639 Odyss.
1247 2563 1280 2616 Β.
1301 2550 1357 2620 49.
1378 2553 1483 2630 βίοτον

296 2659 323 2723 δ’
357 2661 420 2724 οόπό
451 2657 589 2738 πύμπαν
621 2658 789 2723 ὀλέσσει.
837 2657 893 2722 Bis
923 2658 1006 2722 dixit
1035 2656 1162 2741 γαμέω,
1190 2658 1245 2723 sod
1268 2657 1368 2724 6611161
1389 2658 1483 2726 iliad.

297 2775 323 2830 1.
351 2765 427 2830 394.

390 2869 512 2945 Πηλεύς
537 2869 587 2944 θύν
610 2893 661 2947 μοι
683 2867 795 2936 ἔπειτα
819 2875 954 2947 γυναῖκα
978 2869 1240 2948 γαμέσσεται
1265 2870 1369 2944 αύτθς.

342 2975 405 3055 Qui
435 2997 559 3060 semper
588 2975 699 3059 ἐρύειν,
725 2975 870 3056 ἐρύουσιν,
897 2973 1030 3055 ἐρύεσθαι
1057 2975 1150 3051 dicit,
1174 2977 1262 3042 idem
1284 2977 1366 3042 dixit
1389 2976 1481 3043 iliad.

296 3090 333 3146 K.
359 3079 411 3145 44.
436 3079 455 3157 ἦ
477 3080 523 3152 ric
546 3104 597 3144 κεν
620 3080 781 3159 ἐρύσσεται
806 3081 837 3154 ἦέ
862 3080 984 3146 παύσει.
1009 3087 1041 3146 61
1065 3092 1102 3146 Τ.
1128 3081 1203 3147 311.

591 3184 608 3259 ἦ
632 3185 683 3250 κέν
705 3209 758 3262 μιν
781 3185 920 3265 ἐρύσσεαι
946 3183 964 3260 ἦ
987 3211 1036 3251 κεν
1061 3186 1172 3260 ἐύσεις.

340 3291 487 3358 Vidimus
510 3291 655 3356 futurum
679 3312 745 3356 6666
769 3291 865 3375 ύνθω,
889 3291 1021 3372 ἐξανύω,
1045 3293 1099 3358 sed
1121 3291 1330 3360 nihilominus
1352 3296 1482 3379 ponitur

296 3405 328 3465 61
351 3398 462 3485 Odyss.
488 3421 522 3461 π.
549 3395 624 3464 373.
649 3397 834 3462 dodecasino
859 3396 935 3461 τιέόε
958 3397 1062 3478 ιε’ργα.

341 3503 439 3589 Saepo
458 3501 552 3568 τελέω
572 3503 654 3566 dixit
671 3502 726 3566 sed
746 3501 837 3567 Iliad.
859 3511 888 3567 Ψ
909 3501 984 3568 559.
1000 3504 1060 3583 ε’γόι
1081 3502 1113 3568 δέ
1132 3527 1166 3568 κε
1178 3503 1229 3568 καὶ
1245 3507 1279 3570 τό
1292 3504 1483 3570 τελέσσω.

340 3609 427 3696 ugo
457 3610 485 3672 si
515 3605 593 3672 ἕσσω
624 3607 771 3672 futurum
802 3613 866 3692 est,
897 3615 935 3674 61
965 3631 1060 3695 supra
1090 3610 1250 3694 vidimus,
1283 3612 1424 3677 nondum
1447 3611 1483 3676 id

296 3717 484 3802 argumento
515 3720 563 3778 661
593 3713 737 3778 futurum
768 3713 913 3794 ἀμφιέσω
945 3735 1012 3780 6666
1042 3721 1201 3800 oportere,
1235 3720 1271 3782 ut
1298 3719 1335 3794 ⁴in
1364 3713 1484 3794 εῖματοό

295 3823 324 3886 τ’
360 3817 524 3903 ἀμφιέσω,
559 3839 695 3904 namque
728 3819 838 3884 eadem
869 3818 971 3884 forma
1001 3820 1108 3886 futuro
1139 3821 1264 3904 αμφιέω
1297 3822 1482 3907 respondere

296 3927 462 4012 potuisset.

340 4031 472 4096 Formae
504 4031 651 4114 antiquae
681 4033 713 4094 et
744 4029 899 4108 sincerae,
924 4032 1097 4117 inquibus
1123 4031 1284 4098 celicum
1309 4037 1373 4111 661,
1398 4035 1484 4119 apud

296 4134 475 4200 Homerum
506 4135 636 4220 quidem
667 4139 700 4200 et
729 4134 884 4200 librorum
915 4137 1084 4202 meliorum
1108 4158 1259 4202 consensu
1282 4145 1315 4203 et
1337 4145 1482 4204 veterum

297 4237 590 4306 Grammaticorum
619 4241 812 4306 testimoniis
837 4246 904 4305 tarn
928 4239 1061 4307 firmiter
1084 4248 1158 4306 sunt
1182 4243 1359 4322 stabilitae,
1383 4250 1419 4308 ut
1441 4247 1483 4309 iis

294 4342 450 4418 librorum
472 4345 664 4412 deteriorum
687 4347 877 4432 scripturae,
903 4368 982 4434 quae
1002 4347 1134 4414 subinde
1154 4355 1322 4435 apparent,
1342 4349 1481 4439 τελέσει,
