3356 5084
730 355 797 429 527

169 545 328 628 θπροίχθη,
353 549 391 616 σὺ
415 549 446 616 δὲ
470 548 555 615 τοῦτ’
578 550 737 629 ἐμιμήσω,
763 550 814 616 itai
837 548 923 618 τοῦτ’
946 549 1141 636 ἀποφεύγοις
1162 551 1200 619 θιν
1219 551 1357 634 δικαίοις,

167 653 254 718 α’λλθι
284 657 390 736 πολλῷ
422 659 546 735 μᾶλλον
577 655 725 723 οὶλίσκοιο.
755 654 855 737 ὥσπερ
885 657 949 737 γὰρ
974 657 1002 724 εί
1023 681 1070 732 τις
1095 659 1213 726 ἐκείνων
1237 662 1357 742 προήλω

168 759 204 824 σὺ
234 759 306 825 ταδ’
334 764 388 827 οὐκ
419 761 457 828 θον
489 759 651 844 ἔγραψας,
684 759 776 836 οὕτως
809 763 848 828 θα
878 765 915 829 σὺ
940 767 991 828 νῦν
1014 766 1099 840 δίκην
1122 765 1178 847 δῷς
1202 765 1300 840 ἄλλος
1325 769 1358 832 oo

168 864 294 946 γράψει.
326 889 426 954 quum
455 869 662 936 vehementer
692 873 774 935 esset
803 871 992 956 probatum,
1024 873 1162 938 triennio
1186 879 1261 958 post
1284 871 1357 938 κατ’

170 970 400 1054 ’Λριςοκροίπονς
422 995 496 1062 pag.
522 974 597 1040 653.
625 973 677 1041 17.
704 975 802 1040 dixit:
828 977 860 1041 οὖ
881 976 944 1056 γὰρ
963 976 993 1041 εί
1010 1000 1040 1041 τι
1062 977 1186 1043 πιθποπε
1205 980 1250 1054 μή
1272 979 1357 1045 κατὰ

168 1079 237 1152 ποὺς
261 1078 370 1157 νόμους
395 1083 536 1163 ε’προίχθη
549 1130 557 1159 ,
584 1081 621 1146 σὺ
648 1081 678 1146 δὲ
701 1079 788 1146 τοῦτ’
813 1082 955 1160 ἐμιμήσω
980 1081 1031 1147 διὰ
1054 1081 1140 1148 τοῦτ’
1165 1084 1359 1165 οθποφεθγειν

169 1207 213 1250 σοι
236 1190 380 1267 προσήκει
404 1187 493 1252 ἄλλα
517 1187 692 1252 τούναντίον
715 1187 796 1252 πολὺ
820 1191 944 1266 μᾶλλον
968 1188 1150 1254 ἁλίσκεσθαι
1170 1189 1220 1255 διὰ
1240 1195 1357 1256 ταῦτα.

168 1288 266 1371 ὥσπερ
289 1293 353 1372 γθορ
376 1291 406 1356 εί
423 1316 470 1365 τις
492 1292 610 1358 ἐκείνων
630 1290 712 1358 ἑοθλω
734 1293 772 1360 σὺ
793 1291 864 1359 πάθ’
887 1296 941 1359 οὐκ
962 1293 1000 1360 θον
1021 1291 1184 1374 ἔγραψας,
1206 1291 1300 1368 οὕτως
1319 1296 1358 1362 θον

169 1397 205 1462 σὺ
229 1402 281 1463 νῦν
305 1399 389 1480 atuor
414 1396 510 1470 ἄλλος
534 1399 567 1464 οὗ
591 1398 719 1480 γροθψει.

211 1504 263 1569 Ad
286 1505 423 1570 eundem
445 1506 579 1570 modum
604 1503 689 1570 looos
709 1526 748 1570 ex
767 1506 971 1570 Ανιθνοθθοιιοω
990 1509 1025 1570 iu
1041 1511 1250 1572 Pimorrateom
1263 1510 1359 1574 tertio

167 1615 237 1696 post
260 1631 342 1676 enno
365 1611 510 1678 habitam
534 1611 716 1695 transtulit,
740 1613 772 1675 st
794 1613 829 1675 in
851 1610 902 1675 his
925 1609 1052 1696 losum,
1077 1611 1116 1677 de
1139 1633 1202 1697 quo
1231 1615 1359 1701 agimus

166 1736 238 1803 pag.
273 1715 351 1785 755.
385 1715 415 1782 3.
449 1717 539 1782 οθλλοὶ
567 1717 600 1791 νή
634 1717 699 1781 Δία
721 1719 828 1780 ταῦτα
851 1723 1012 1782 MONON
1038 1723 1166 1782 ποιοῦποι
1192 1719 1359 1797 γεγόνασιν

169 1859 210 1870 --
228 1820 318 1887 ἄλλα
352 1822 378 1889 δ’
414 1819 475 1886 ἔσθ’
510 1815 532 1888 oi
565 1827 668 1894 καλῶς
703 1821 895 1903 διῳκήκασιν.
931 1822 1021 1887 οθλλθι
1057 1823 1109 1886 καί
1141 1820 1251 1889 τᾶλλα
1282 1823 1358 1891 οὕτω

167 1927 410 2008 προσεληλύθασι
442 1928 515 2008 πρὸς
549 1929 631 2006 ὑμῑις
656 1925 735 1992 ὅσθ’,
749 1925 841 2001 ήκιςα
865 1930 931 1992 ’eN
953 1923 997 2000 οἷς
1019 1927 1176 2002 οὶκηκθαπε
1200 1926 1285 2001 θοξιθν
1311 1932 1355 1999 ε’ςι

169 2041 269 2112 μισεῖν
293 2034 417 2108 αὐτούς.
463 2033 525 2098 His
549 2037 631 2100 inter
655 2055 688 2099 se
712 2036 902 2120 eomperstis
923 2038 1012 2119 petet
1034 2034 1204 2120 utrobique
1223 2037 1359 2102 seriben-

169 2138 246 2204 dum
270 2142 375 2204 ταῦτα
398 2148 514 2224 ΜΕΝ,
538 2139 572 2204 id
598 2139 680 2225 quod
705 2142 773 2225 ipss
796 2141 1002 2224 oppositionis
1024 2141 1106 2204 rstio
1129 2140 1280 2224 postulat.
1322 2139 1359 2206 In

168 2247 271 2330 priore
302 2245 371 2312 loeo
404 2246 462 2324 μέν
492 2248 526 2310 in
558 2245 580 2311 S
610 2245 792 2323 intercidit,
823 2247 858 2309 in
887 2245 987 2310 altero
1019 2251 1203 2330 corruptum
1236 2251 1284 2311 est
1310 2246 1360 2333 (ut

170 2353 272 2436 saepe)
306 2353 341 2415 in
370 2352 469 2430 μόνον.
516 2350 683 2416 Praetereo
713 2350 867 2416 mendum
898 2352 982 2416 inest
1015 2353 1143 2437 utrique
1173 2351 1242 2417 loeo
1273 2373 1359 2419 oom-

168 2477 275 2522 mune.
322 2456 444 2524 Vitiose
468 2459 553 2523 enim
578 2457 696 2522 dieitur
717 2465 819 2535 μισεῖν
843 2456 955 2530 αὐτοὺς
979 2455 1047 2522 ἘΝ
1069 2453 1111 2530 οίς
1133 2457 1306 2544 α’κηκθαπε,
1327 2465 1360 2525 et

169 2565 239 2647 quis
260 2582 324 2627 nou
345 2565 443 2628 sent't
466 2562 539 2627 Ἐφ’
563 2557 605 2633 οἷς
629 2561 785 2639 θκηκθατε
810 2583 877 2629 esse
899 2561 1033 2629 verum?

210 2769 293 2857 Peg.
321 2768 396 2835 616.
423 2771 455 2834 9.
479 2774 587 2835 ταῦτα
610 2773 667 2847 μὲν
689 2771 787 2836 τοίνυν
805 2807 846 2820 -
868 2772 1020 2852 ήΦοθνιςαι
1045 2770 1277 2853 καθαιρεθέντων
1300 2779 1359 2837 τῶν

167 2876 328 2957 ςεφοίνων·
361 2877 410 2941 ἐπὶ
442 2885 514 2949 σαῖς
542 2876 675 2958 φιάλαις
700 2877 726 2942 δ’
752 2868 790 2948 θος
815 2878 883 2941 ἀντ’
907 2877 1026 2943 ἐκείνων
1048 2878 1212 2953 ἐποιήσατο
1236 2879 1308 2957 ὑμῖν
1333 2879 1359 2966 [θ

168 2979 270 3062 πόρνος
289 2978 389 3070 οὗτος]
415 2983 645 3062 ,Ἄνδροπίωνος
659 2982 911 3060 Δε’πιροελοριένοω”
933 2982 1139 3069 [ἐποιήθησαν]
1166 2985 1360 3066 ἐπιγέγραπ·

169 3110 239 3153 παι·
275 3089 327 3153 καί
361 3083 395 3152 οὗ
421 3087 455 3152 πὸ
480 3094 571 3166 σῶμα
597 3089 791 3169 ήπαιρηκθπος
816 3090 869 3152 οὐκ
894 3088 978 3153 ἐῶσιν
1000 3090 1027 3153 oi
1052 3087 1136 3167 νθμοι
1160 3091 1203 3161 εἰς
1225 3092 1269 3156 πθι
1292 3093 1359 3173 ἱεροὶ

168 3193 312 3272 εἰσιέναι,
335 3193 443 3258 σοθπον
467 3191 604 3270 τοῦνομα
629 3195 661 3258 ἐν
686 3202 749 3266 τοῖς
775 3195 860 3274 ἱεροῖο
886 3193 935 3257 ε’πί
961 3202 1033 3266 παῖς
1056 3189 1190 3276 φἰοθλαις
1217 3221 1361 3279 γεγραμ-

167 3299 255 3377 μένον
285 3299 356 3368 triv.
403 3298 524 3364 lisdem
554 3300 785 3385 propemodum
820 3299 918 3365 verbs
953 3298 992 3365 de
1027 3300 1138 3366 eedem
1173 3322 1208 3368 ro
1243 3307 1361 3390 scripto

162 3406 315 3495 leguntur
344 3426 419 3493 pag.
453 3403 528 3471 756.
563 3405 618 3471 19.
666 3406 703 3471 lu
735 3407 838 3492 priore
870 3404 940 3470 looo
976 3407 1082 3490 prime
1118 3427 1230 3472 menes
1265 3413 1299 3474 in
1335 3409 1359 3476 S

167 3513 278 3578 omisit
299 3513 313 3576 θ
337 3512 440 3592 πόρνος
464 3507 562 3584 οὗτος.
608 3511 816 3587 Rectissime,
840 3516 880 3576 ut
899 3513 1028 3596 opinor,
1048 3533 1186 3597 namque
1205 3516 1246 3579 iis
1265 3519 1362 3582 omis·

166 3622 208 3684 sis
238 3617 344 3682 multo
374 3620 476 3683 serior
508 3621 541 3682 et
569 3617 790 3683 vehementior
821 3616 860 3682 sd
891 3619 1036 3682 enimum
1069 3623 1101 3684 et
1133 3639 1224 3684 sures
1247 3621 1362 3686 seoidit

166 3745 299 3810 sequens
322 3727 441 3789 oratio:
466 3719 500 3787 οὗ
523 3723 557 3788 πθ
583 3729 675 3801 σῶμα
701 3723 897 3804 ήταιρηκθπος
924 3723 988 3787 κπὲ.
1024 3723 1061 3788 In
1085 3725 1173 3789 exitu
1197 3724 1260 3790 looi
1279 3725 1361 3814 legi·

168 3836 221 3895 tur
251 3833 286 3895 in
318 3829 517 3894 Ὶθαοονοθοοι
550 3829 782 3909 ,Ἀνδροτίωνος
818 3827 1068 3906 ἐπιμελομένον.”
1105 3829 1359 3912 ἐπιγέγραπται,

170 3936 285 4000 omisso
315 3935 508 4011 ἐποιήθησαν.
554 3932 644 4000 Heeo
675 3955 800 4021 quoque
833 3939 881 4001 est
912 3954 988 4001 vere
1022 3939 1055 4000 et
1088 3938 1219 4021 entique
1247 3937 1360 4024 lectio,

169 4059 306 4126 nemque
337 4043 540 4126 perspicuum
562 4045 619 4110 est
652 4043 687 4104 in
716 4043 795 4126 ipsis
826 4041 964 4106 doneriis
994 4040 1175 4116 ἐποιήθησαν
1207 4046 1362 4130 seriptum

170 4166 231 4211 uon
254 4145 364 4212 fuisse.

213 4250 382 4318 Praetores
411 4254 446 4316 in
477 4257 610 4337 utroque
643 4251 711 4317 looo
742 4252 933 4339 legendum:
966 4247 1004 4316 ὧν
1037 4253 1247 4331 ὑπομνήμαθ’
1281 4255 1362 4331 ήοαν

168 4356 249 4430 θνσες
273 4359 300 4423 οἱ
324 4358 470 4440 ςέφανοι,
496 4377 553 4443 pro
579 4358 755 4438 θπθμνημΛ
784 4353 873 4432 ἦσαν.
