3304 5090
714 339 781 408 213

141 535 227 596 MAI
258 552 386 618 peccare
413 533 524 599 solent.
572 529 716 611 Quatuor
736 532 932 620 syllabarum
956 533 1092 598 verbum
1116 553 1183 598 esse
1206 527 1334 620 opinan-

138 643 196 704 tur
219 659 327 704 ornnes
346 644 379 704 et
401 639 519 724 ubique
542 637 689 719 ληίζομοοο
710 639 881 724 dederuut,
902 660 1002 724 quum
1023 639 1156 721 λὴζοςοον
1177 643 1333 725 scriptum

139 748 350 830 oportuisset,
384 750 423 809 ut
456 745 570 824 λςςὴς,
607 742 762 826 inerrate.
799 747 935 826 λὴςὴονον
967 751 1041 811 cett.
1081 745 1202 811 llodem
1237 745 1332 812 modo

140 852 238 925 ἡῖίεος
261 851 404 917 scribunt
426 857 459 916 et
482 851 549 926 ἡίιίν
574 850 685 916 formis
708 849 889 918 Homericis
910 855 945 918 in
968 872 1104 918 errorem
1129 852 1263 918 inducti.

186 957 340 1024 Dicebam
370 958 466 1025 modo
496 957 652 1024 allectiva
682 953 804 1024 Graeca
832 980 895 1025 non
926 960 1009 1038 dari,
1046 979 1125 1045 quae
1148 961 1183 1024 in
1210 968 1332 1025 ·noc

139 1069 269 1144 exeant,
294 1064 404 1132 sedin
426 1064 478 1129 bis
500 1064 648 1132 omuibus
670 1063 686 1130 I
704 1066 805 1131 inesse
827 1101 847 1116 ·
862 1075 984 1142 moe,
1007 1101 1026 1114 -
1040 1073 1139 1144 ΩΙΑ,
1164 1101 1184 1116 -
1198 1072 1331 1150 ΩΙΟΝ,

137 1177 179 1237 ut
207 1174 241 1236 in
277 1173 437 1254 πατρῷος,
467 1173 622 1254 μητρῷος,
646 1173 817 1253 παππῷος,
842 1173 934 1254 οίίῷος
958 1191 1015 1258 pro
1039 1171 1187 1254 οίζὴμοσς,
1214 1177 1247 1240 at
1269 1171 1334 1238 alia

140 1276 318 1363 complura.

182 1383 289 1448 Lubet
320 1385 355 1448 in
388 1383 448 1450 bac
477 1406 511 1450 ra
542 1384 704 1452 ostendere
736 1406 832 1472 quarn
863 1389 954 1452 caute
982 1387 1025 1451 sit
1048 1387 1333 1473 grammaticorum

138 1492 336 1555 testimoniis
359 1491 514 1556 utendum
539 1499 571 1557 et
594 1512 691 1578 quarn
713 1494 756 1556 sit
775 1491 878 1557 futilis
898 1512 1007 1556 eorum
1029 1493 1215 1569 auctoritas,
1236 1512 1333 1575 quam

136 1597 237 1660 nimis
270 1616 364 1681 saepe
383 1599 483 1683 inepti
507 1600 679 1683 sequimur.
727 1595 908 1682 Stephanus
931 1597 1143 1685 Byzantinus,
1168 1598 1224 1683 qui
1246 1603 1333 1662 totus

137 1720 205 1766 essa
236 1700 319 1767 solet
346 1704 381 1767 in
413 1702 662 1788 quaestiunculis
692 1705 931 1792 grammaticis,
964 1705 999 1769 in
1029 1726 1061 1770 r.
1094 1703 1178 1768 Γίλοο
1202 1703 1329 1768 scribit:

136 1807 171 1872 τὸ
204 1809 319 1872 liciata
351 1811 467 1882 Γελῶος
499 1813 533 1876 σίν
564 1818 710 1884 Γελοιῑος,
741 1811 780 1880 cir
811 1806 935 1886 ’Λβρυν
967 1807 1019 1873 νυοί
1052 1811 1070 1884 ἡ
1102 1809 1250 1884 cortica
1278 1807 1330 1875 κοί

136 1910 207 1986 ίσυς
232 1914 296 1979 cist
321 1919 375 1980 τοῦ
399 1914 499 1993 γέλως
523 1917 559 1981 τί
582 1922 706 1988 Γελῶος.
754 1914 818 1981 Sed
841 1936 880 1981 ex
901 1915 1003 1993 γίλως
1028 1923 1148 1992 γελοῖος
1173 1918 1335 2010 nascitur,

137 2025 176 2084 ut
206 2021 317 2093 οίδοῑος
350 2041 390 2087 er
421 2019 528 2099 οίδιίς,
553 2026 586 2087 et
609 2022 728 2096 ὑσὴοΐος
753 2043 792 2088 ax
815 2022 883 2097 ἡώς.
930 2020 974 2085 Et
995 2041 1076 2106 quae
1099 2020 1229 2087 tandem
1251 2024 1332 2087 ratio

137 2146 206 2192 asse
227 2129 336 2213 potuit
358 2149 415 2194 cur
437 2148 476 2194 ex
498 2126 581 2192 Γίλοι
606 2134 720 2198 Γελῶος
744 2123 990 2214 produceretur?
1022 2125 1086 2192 Sed
1109 2133 1225 2197 Γελῶος
1249 2125 1333 2192 nihil

138 2238 205 2298 est:
238 2233 325 2298 Γέλα
354 2233 473 2299 ultima
502 2231 600 2320 longa
628 2253 668 2298 ex
699 2234 799 2299 Γελίο
829 2231 949 2299 coaluit
979 2237 1012 2296 et
1038 2233 1084 2298 sic
1107 2252 1164 2318 pro
1187 2238 1331 2304 Γελοοῑος

136 2343 215 2404 nata
236 2343 286 2404 ast
308 2338 413 2404 forma
435 2340 605 2405 tritissima
627 2339 755 2419 Γελῷος.

184 2444 282 2510 Iuvat
316 2445 427 2512 eadem
462 2465 556 2530 opera
593 2444 660 2510 ὁδοῦ
695 2442 849 2524 ποίοεργον
879 2442 1081 2510 historiolam
1111 2446 1145 2508 in
1174 2443 1235 2510 boo
1264 2445 1333 2528 ipso

137 2547 294 2636 Stephani
317 2549 387 2618 loco
409 2550 562 2616 mendosa
579 2549 715 2616 lectione
734 2551 934 2618 obscuratam
954 2549 1110 2633 expedire.
1133 2548 1205 2616 Duo
1220 2548 1334 2614 fratres

136 2659 243 2722 nascio
273 2678 337 2743 qua
367 2657 406 2722 de
436 2678 470 2722 rc
501 2657 666 2724 oraculum
697 2655 890 2742 Delphicum
922 2654 1117 2722 consuluisse
1147 2661 1332 2739 narrantur,

140 2763 195 2838 τὴν
223 2763 255 2828 δὲ
279 2763 396 2828 Πυίίοιν
419 2764 501 2827 οὐδὲν
524 2763 590 2843 περί
616 2763 733 2827 ἐκείνων
755 2763 911 2843 λίγουσοον
934 2762 1117 2842 recaderus
1141 2765 1193 2826 τὸν
1215 2761 1332 2826 Λοίκνον

138 2872 211 2948 τρίς
244 2869 405 2942 &aaronis
439 2870 524 2944 ἡλίου
558 2877 656 2934 πλεῖν.
689 2873 743 2934 τοῦ
777 2870 802 2934 i·
835 2872 1031 2948 Ἀντιφήμου
1059 2866 1255 2946 γελάσαντος
1279 2868 1334 2941 τὴν

138 2979 256 3042 Πυίίοιν
286 2978 385 3042 εἰπεῖν
416 2975 512 3040 σοίλιν
546 2974 635 3058 ,ἐφ’
668 2976 781 3052 ἡλίου
811 2976 1014 3054 δυσμῶν,”
1043 2974 1095 3040 καί
1121 2973 1223 3038 Γέλαν
1246 2972 1334 3037 σίλον

137 3084 262 3149 elatrat.
300 3082 350 3148 No
373 3081 495 3168 Pythia
517 3083 652 3166 ineptire
673 3087 705 3147 et
724 3081 807 3146 nihil
827 3081 931 3148 dicere
950 3084 1099 3148 rideatur
1116 3082 1162 3145 ita
1180 3079 1332 3146 rescribe:

138 3189 196 3264 τὴν
230 3189 346 3255 Πυίίοιν
377 3189 474 3254 εἰπεῖν
503 3188 617 3252 raaia·
649 3197 722 3266 „CT
747 3197 804 3254 ΔΕ
827 3189 879 3268 ἐφ’
904 3188 990 3262 ἡλίου
1013 3189 1133 3264 δυσμῶν
1157 3187 1208 3251 xci
1233 3185 1334 3251 Γίλοον

138 3293 230 3360 πίλου
252 3293 396 3360 areton?
441 3293 598 3360 Fabulam
621 3293 660 3358 dc
682 3313 771 3360 more
793 3296 917 3380 peperit
940 3293 1137 3382 etymologia
1160 3293 1308 3378 absurda.¹

186 3401 312 3468 Iterum
345 3403 380 3466 in
414 3400 525 3466 cadem
560 3421 593 3465 re
628 3401 745 3466 erravit
780 3400 959 3486 Stephanus
990 3421 1091 3488 quum
1121 3398 1271 3465 scriberet
1300 3417 1333 3466 υ.

133 3507 241 3579 'Aloe
278 3514 345 3572 -σὸ
381 3506 505 3572 recreta
535 3506 651 3578 ”Atace
688 3515 818 3572 Xssl’lc
853 3516 942 3572 ΤΟΥ
975 3517 999 3572 1.
1035 3506 1071 3572 τὸ
1101 3505 1132 3570 δὲ
1163 3504 1332 3579 δηλοῦντὸ
1415 3573 1418 3580 ,

139 3613 318 3694 ἀζὴμοον
353 3615 599 3694 προσεροσποῖσυο
638 3611 689 3676 real
725 3609 793 3693 ἔχει
828 3612 863 3676 τὸ
898 3621 912 3677 1
948 3614 981 3677 ἐκ
1017 3620 1071 3686 τὴς
1108 3613 1192 3692 ipris.
1240 3606 1335 3677 Certa

140 3720 230 3785 enim
260 3719 409 3807 analogia
441 3724 479 3784 ut
510 3741 549 3785 ex
577 3725 641 3791 Κῶς
667 3718 746 3800 Κῷος
771 3719 816 3784 sic
841 3739 879 3784 ex
898 3719 1000 3790 'Atos
1024 3717 1182 3784 formabat
1204 3716 1334 3796 Ἀίῷος,

141 3829 177 3890 at
205 3825 377 3892 dmnmen
405 3827 489 3892 inter
514 3825 630 3898 ”Atace
654 3829 687 3890 et
710 3825 803 3905 οίίῷος
827 3845 954 3890 merum
978 3827 1026 3890 est
1048 3823 1333 3910 grammaticorum

145 3937 376 3998 commentum.

445 4175 585 4245 Nomina
606 4178 641 4242 in
665 4183 769 4242 -61A
792 4175 911 4243 ultima
936 4173 1033 4243 brevi.

193 4351 268 4422 Fere
291 4361 471 4424 constanter
494 4359 529 4423 in
549 4367 626 4424 -ΙΛ
650 4357 881 4443 depravantur,
905 4363 944 4424 ut
966 4356 1129 4436 οίκυδὴμίο
1152 4377 1209 4443 pro
1233 4353 1333 4424 'hac-

146 4459 267 4542 δὴμοοοι.
315 4463 491 4532 Emendate
514 4466 616 4554 igitur
638 4465 757 4551 ubique
779 4464 1033 4532 rescribendum:
