3356 5086
879 285 944 360 828

315 486 436 552 tionem
468 485 507 554 ab
539 482 718 553 Alexandro
748 487 906 570 repertam
935 482 1010 550 vide
1040 483 1075 546 in
1106 477 1234 547 Scholio
1265 475 1391 546 Codicis
1415 491 1443 546 Δ
1466 477 1509 546 ad

316 589 408 658 Iliad.
433 589 567 662 11241.

360 697 453 764 Nunc
476 719 600 784 quoque
622 700 762 765 carmina
783 697 956 764 Homerica
977 715 1059 774 esse,
1085 699 1123 759 ut
1141 693 1321 760 Alexander
1339 697 1504 780 queritur,

314 803 463 871 0100100100
486 810 647 887 occuratis
672 803 909 886 ἁμαρτημάτων
931 803 983 868 aci
1004 807 1063 867 τῶν
1082 799 1187 866 diaco
1206 801 1505 884 aapaaopcaparsv

316 907 399 976 001000
432 912 601 993 ἀγροίκων,
633 916 665 979 01
694 912 773 978 haec
801 911 918 977 menda
947 929 1014 975 esee
1044 906 1217 974 admodum
1246 909 1377 992 antiqua
1409 913 1507 974 etex

316 1018 545 1085 vetustissimis
574 1017 667 1087 libris
696 1023 872 1106 propagata
901 1018 1026 1102 saepius
1054 1014 1185 1101 posthac
1216 1013 1345 1081 dabitur
1375 1013 1507 1080 demon-

316 1123 438 1191 strandi
460 1123 558 1192 locus.

854 1328 969 1398 XXIV.

667 1581 708 1592 -
736 1550 861 1608 ecem
886 1545 918 1608 ut
942 1577 983 1588 -
1010 1547 1148 1606 Aceal.

362 1751 400 1819 In
431 1751 579 1819 omnibus
601 1749 693 1815 libris
714 1747 806 1825 Mas..
831 1751 886 1835 qui
905 1753 1044 1815 aetatem
1067 1749 1225 1826 tulerunt,
1250 1754 1402 1837 perpetuo
1424 1752 1507 1816 inter

319 1880 352 1926 se
387 1858 531 1925 confusas
566 1856 714 1922 videmus
748 1854 850 1920 futuri
880 1859 911 1920 et
943 1856 1052 1921 aoristi
1081 1856 1199 1921 formas
1224 1858 1259 1920 in
1290 1893 1332 1905 -
1348 1856 1444 1920 601000
1475 1861 1507 1922 01

320 2001 362 2014 -
375 1966 490 2040 Actor,
522 1961 711 2048 plerumque
740 1963 785 2026 sic
815 1965 854 2025 ut
872 1962 992 2046 saturo
1019 1965 1145 2046 praeter
1171 1963 1361 2028 sententiam
1385 1960 1447 2028 loci
1470 1983 1505 2028 ac

318 2071 445 2137 dicendi
472 2090 569 2136 usum
589 2065 643 2134 vel
665 2087 740 2132 cum
763 2065 959 2132 barbarismo
982 2068 1016 2131 in
1038 2067 1164 2132 00010100
1187 2074 1424 2139 convertantur.
1449 2089 1505 2134 neo

317 2178 381 2242 nisi
406 2178 566 2243 rarissime
589 2176 706 2239 contra.
753 2167 883 2238 Codices
906 2175 1122 2258 antiquissimi
1144 2175 1179 2238 in
1201 2194 1239 2240 ea
1260 2195 1295 2240 re
1318 2195 1380 2240 non
1397 2173 1504 2241 viden-

318 2287 372 2348 tur
393 2283 492 2348 fuisse
513 2277 619 2346 multo
642 2277 870 2345 emendatiores
893 2299 990 2363 quam
1008 2281 1121 2359 nostri,
1143 2279 1228 2346 unde
1247 2283 1372 2367 saepius
1393 2277 1504 2346 Oritici

318 2392 441 2456 veteres
471 2389 661 2455 annotarunt
690 2383 741 2451 bad
771 2388 825 2449 τοῦ
858 2391 900 2462 e,
930 2385 988 2450 ubi
1018 2383 1076 2450 alii
1105 2421 1150 2435 —
1174 2388 1274 2451 0101000
1303 2387 1503 2453 exhibebant.

317 2491 356 2559 In
377 2491 513 2559 Homeri
531 2491 725 2558 carminibus
744 2510 781 2557 ea
799 2488 887 2555 labes
909 2488 1031 2556 multos
1052 2489 1137 2557 locos
1156 2495 1386 2559 contaminavit
1405 2513 1505 2579 neque

319 2599 358 2666 ob
379 2617 541 2685 perversas
552 2596 722 2664 Editorum
735 2597 896 2682 opiniones
908 2598 1059 2682 extirpari
1070 2599 1185 2681 potuit.
1210 2598 1261 2663 Ad
1272 2598 1363 2664 Iliad.
1376 2607 1414 2665 Γ.
1430 2595 1505 2664 112.

500 2703 662 2781 ἐλπόμενοι
685 2701 873 2767 roderisius
896 2701 1013 2784 ὀϊζυροῦ
1037 2703 1192 2781 oraturio.

318 2811 484 2878 annotavit
516 2808 549 2874 la
581 2807 705 2874 Ruche:
743 2804 900 2886 „tarouca
938 2831 998 2873 00000
1030 2811 1123 2874 solum
1156 2811 1267 2875 0001010
1296 2811 1448 2893 turpiter,
1479 2811 1507 2874 oa'

318 2917 395 3004 qaid
414 2933 474 2982 mi
492 2931 621 2981 uacuum
639 2931 717 2981 lassu
735 2915 882 2989 creditur,
901 2915 955 2978 aed
971 2915 1060 2978 etiam
1078 2915 1107 2978 ai
1125 2915 1201 3000 quid
1217 2926 1277 2980 00000
1296 2923 1374 2981 certe
1393 2939 1506 3001 cospec-

319 3030 403 3088 totur
433 3029 467 3087 001
496 3039 600 3086 Pauuu
613 3020 738 3106 scotuna
760 3041 821 3084 osae
843 3021 1012 3085 ecistimcre
1028 3019 1157 3104 poscbss’
1201 3023 1355 3111 Argutari
1376 3023 1436 3089 hoo
1459 3027 1506 3088 est

321 3129 441 3217 (dicam
463 3129 549 3193 enim
573 3126 656 3212 quod
679 3127 793 3212 sentio)
817 3130 849 3192 et
871 3147 963 3192 sanae
985 3129 1102 3192 rationi
1125 3129 1194 3194 vim
1218 3127 1342 3204 afferre,
1366 3134 1399 3194 01
1425 3127 1507 3194 illud

320 3241 481 3310 ΡΑΕΝΕ,
513 3231 597 3318 quod
626 3236 674 3298 est
703 3234 738 3297 in
768 3252 805 3297 ea
835 3235 1093 3320 interpretatione
1123 3253 1251 3319 prorsus
1273 3239 1504 3311 neceesarium,

320 3341 493 3406 assumitur
522 3338 561 3404 de
590 3336 703 3403 nihilo.
751 3335 851 3404 Unice
880 3359 995 3405 verum
1025 3344 1073 3404 est
1103 3339 1298 3406 0010601000.
1346 3341 1507 3428 Quidquid

319 3465 483 3532 speramus
512 3445 655 3509 1000001000
684 3443 781 3510 habet
812 3446 935 3510 exitum
965 3447 1151 3530 praesertim
1186 3447 1221 3512 in
1255 3445 1333 3514 belli
1363 3447 1506 3534 fortuna,

322 3551 380 3616 ubi
401 3549 543 3637 plurima
566 3555 674 3616 contra
696 3553 841 3617 omnium
865 3553 1133 3636 exspectationem
1155 3555 1280 3619 evenire
1303 3553 1461 3620 videmus.

502 3654 587 3734 ξυνὸς
608 3655 768 3728 ’Ecbatana
793 3656 847 3722 aci
868 3681 904 3722 τε
927 3656 1089 3723 erraterrat
1112 3656 1265 3724 κατέκτα.

365 3760 475 3828 Nostri
497 3764 600 3850 igitur
622 3761 741 3847 ubique
764 3767 812 3828 est
836 3763 960 3828 arbitrii
982 3785 1022 3829 ex
1044 3767 1197 3850 cuiusque
1218 3763 1282 3831 loci
1304 3771 1507 3833 0001000000-

320 3851 462 3935 atituere'
471 3872 583 3934 utrum
603 3904 646 3917 -
661 3870 754 3934 601000
775 3888 815 3933 an
834 3905 876 3917 —
890 3869 990 3934 1101000
1009 3869 1104 3936 scribi
1122 3874 1281 3956 oporteat,
1301 3874 1333 3938 et
1352 3871 1508 3938 librorum

322 3977 494 4058 scripturas
524 3994 634 4040 omnes
663 3976 698 4038 in
728 3993 765 4040 ea
792 3973 922 4058 quidem
944 3973 1076 4041 0011001
1099 3981 1308 4042 contemnere.
1355 3975 1392 4042 In
1416 3977 1506 4044 Iliad.

322 4089 357 4146 Γ.
382 4077 434 4144 28.
460 4079 581 4144 editur:
605 4079 691 4159 Φτὶτο
715 4079 777 4160 γὰρ
801 4079 951 4145 vicecom
975 4080 1120 4156 01101000,
1144 4081 1200 4146 sed
1221 4103 1270 4149 vs.
1295 4080 1370 4148 366.

505 4181 574 4259 ἦτ’
599 4185 726 4268 ἐφάμην
749 4184 902 4252 cicatrici
925 4185 1125 4268 Ἀλέξανδρον
1149 4187 1331 4264 κακότητος.

369 4288 453 4370 Quid
483 4291 567 4356 inter
596 4296 770 4378 utrumque
798 4289 907 4358 locum
932 4290 1082 4358 interest?
1127 4293 1220 4359 Nihil
1241 4315 1379 4382 prorsus.
1426 4293 1510 4376 Quid

322 4396 519 4490 cogitaverat
547 4395 734 4464 Menelaust
767 4402 876 4463 utrum
901 4397 1316 4484 010οΜΑ101001010001ρο00
1341 4423 1382 4468 an
1404 4399 1508 4468 irrrat-
