3296 5104
706 351 746 418 31

105 547 209 609 runt.
256 543 364 631 Igitur
394 541 451 608 alii
479 564 589 610 omnes
621 541 858 621 συνεισβύλλειν
880 545 1107 629 rescripserunt
1132 545 1200 609 sinc
1223 563 1316 608 sensu

108 655 150 715 et
171 650 197 716 Ε
217 670 382 736 perperam
400 649 452 714 ἕτό
471 651 618 714 additum
638 649 741 714 habet.
776 647 839 714 Sed
856 649 1055 727 συμβάλλειν
1076 655 1124 715 est
1141 649 1317 712 committere

111 755 162 820 ad
186 776 349 843 pugnarn,
374 761 412 819 nt
434 775 526 839 saepe
549 753 755 832 ἀλεκτρυόνας
780 755 980 834 συμβάλλειν
999 756 1126 821 dicitur.
1150 755 1318 840 Expuncta

110 864 228 948 igitur
251 861 304 925 ἐπό
326 861 414 926 locus
438 881 533 926 sanus
556 867 604 926 est
627 866 659 926 et
682 859 753 926 luce
778 861 900 926 clarior.

172 1072 253 1161 Peg.
280 1072 334 1140 72.
358 1074 388 1138 2.
414 1075 447 1138 ού
471 1071 646 1155 Φυλάξεσύ’
671 1069 769 1144 όπως.
803 1073 898 1154 ἔφην,
932 1076 976 1151 μη
1001 1073 1137 1150 πολέμου
1159 1073 1318 1153 ζητοῦντες

117 1181 372 1256 άπαλλαγηνΑΙ
409 1180 558 1255 δεσπότην
594 1177 742 1260 εύρΗΤΕ.
798 1177 1030 1267 corrigendum
1065 1201 1132 1245 esso
1166 1180 1317 1246 arbitror:

118 1281 208 1356 ὅπως
231 1289 276 1363 μη
300 1287 436 1362 πολέμου
467 1286 627 1368 ζητοῦντες
657 1286 853 1363 άπαλλαγην
877 1285 1026 1360 δεσπότην
1050 1286 1200 1364 εὑρήσετε.
1239 1283 1319 1352 Gon-

120 1395 258 1456 cinnnm
274 1388 336 1456 'est
365 1394 399 1456 in
430 1392 488 1458 tali
511 1413 544 1457 re
568 1412 684 1457 nomen
706 1395 830 1456 nomini
854 1413 1029 1477 opponere,
1056 1393 1186 1476 etquid
1210 1395 1319 1456 tritius

121 1517 225 1582 quam
256 1499 436 1576 άπαλλαμη
467 1497 621 1574 πολέμου,
658 1502 695 1561 ut
726 1517 799 1584 pag.
826 1496 902 1563 275.
929 1497 983 1562 26.
1015 1500 1066 1562 οὐκ
1101 1497 1134 1571 ἦν
1163 1503 1214 1562 τοῦ
1246 1499 1318 1576 πρός

123 1605 210 1679 ὑμᾶς
234 1605 369 1681 πολέμου
393 1607 489 1685 πέρας
515 1605 575 1669 οὐδ’
598 1605 779 1680 άπαλλαγόρ
805 1607 967 1684 Φιλίππῳ,
991 1603 1026 1668 id
1049 1607 1097 1668 est
1119 1624 1176 1668 nec
1195 1602 1318 1668 bellum

122 1707 276 1775 conficere
298 1717 423 1796 potarat
445 1732 501 1776 nec
523 1731 636 1796 pacem
660 1729 853 1793 componere.
890 1708 1057 1774 Praeterea
1080 1710 1236 1788 εύρηεετε
1263 1730 1318 1795 pro

122 1813 232 1894 εύρητε
255 1818 457 1882 scribendum
480 1819 630 1901 quoniam
651 1811 729 1886 όπωε
750 1816 793 1892 μή
815 1821 993 1880 constanter
1010 1836 1085 1880 cum
1104 1815 1212 1880 iirturo
1233 1837 1318 1881 com·

122 1924 268 2006 ponitur:
294 1923 443 1988 dicebant
465 1923 628 2002 Φοβοῦμαι
652 1924 697 2000 uis
721 1921 809 2001 λάβη
833 1921 888 1986 sed
909 1922 1072 2002 φοβοῦμαι
1097 1918 1175 1994 ὅπως
1201 1923 1244 1999 μη
1266 1923 1319 1997 λύ-

124 2033 232 2108 ψεται.
258 2029 486 2114 Aristophanes
508 2029 625 2114 Equitt.
654 2028 729 2092 111.

745 2133 826 2213 άτόιρ
850 2137 903 2198 τοῦ
927 2133 1067 2211 δαόμονος

355 2237 467 2320 δέδοιχ’
492 2237 571 2311 όπως
595 2241 639 2318 μη
663 2239 811 2317 τεύξομαι
837 2239 1066 2317 κακοδαίμονος.

174 2451 269 2519 Levis
305 2473 390 2518 error
425 2452 570 2518 obscurat
604 2451 711 2518 locum
744 2473 816 2540 pag.
844 2450 896 2518 76.
922 2451 975 2517 21.
1003 2455 1057 2518 οὐκ
1089 2451 1151 2520 ἕσιν
1180 2452 1260 2524 όπως
1285 2457 1317 2519 αἱ

128 2560 247 2634 αἰτίαι,
280 2551 316 2630 aa
344 2557 495 2631 Φίλιππος
527 2561 688 2634 steteras,
721 2559 790 2630 τοὺς
816 2559 888 2638 ὑπὲρ
911 2565 969 2623 τῶν
992 2560 1113 2623 δικαόων
1137 2561 1209 2638 πρός
1236 2563 1317 2636 ὑμεῖς

128 2666 282 2742 λέγοντας
318 2664 487 2730 κωλύσουσι
517 2666 712 2743 συμβούλους
746 2668 829 2740 ἡμᾶς
859 2667 1021 2743 creveram
1053 2667 1125 2746 trip
1157 2675 1214 2731 τῶν
1247 2669 1318 2742 ὑμῖν

129 2772 355 2852 συμφερόντων.
405 2770 483 2850 Quis
511 2791 575 2836 non
607 2775 704 2836 sentit
732 2774 777 2836 sic
801 2775 884 2846 ἡμᾶς
907 2771 1134 2837 molestissima
1156 2773 1230 2837 sede
1253 2794 1319 2839 esse

129 2875 341 2944 collocatum?
365 2875 428 2942 Sed
450 2876 538 2943 salva
562 2898 613 2942 res
640 2882 704 2942 est:
728 2879 1016 2962 interpunctionem
1040 2879 1135 2944 modo
1157 2881 1203 2942 sic
1226 2883 1320 2944 corri-

128 3002 203 3072 gas:
235 2976 273 3056 όος
299 2986 451 3054 Φίλιππος
476 2984 619 3047 αότιάται
645 2983 713 3055 τοὺς
740 2983 812 3061 ὑπὲρ
836 2989 894 3047 τῶν
918 2984 1039 3048 δικαόων
1063 2983 1135 3062 πρός
1161 2985 1243 3060 ύμῖις
1269 2985 1319 3049 λέ-

128 3114 261 3168 γοντας,
284 3091 349 3155 κτὲ.
370 3090 443 3156 Non
463 3092 645 3178 cogitammt
658 3091 816 3154 cicactrice
830 3088 991 3174 duplicem
1003 3090 1088 3155 hunc
1101 3093 1319 3157 accusativum

130 3196 255 3263 habere.

174 3303 295 3369 Iliadem
324 3303 479 3368 facilitate
501 3303 685 3369 emendabis
708 3302 816 3368 locum
838 3325 913 3390 pag.
938 3300 992 3368 78.
1019 3302 1047 3367 1.
1073 3303 1110 3367 δι’
1135 3307 1318 3386 άμφοτέρυν

131 3415 187 3473 τῶν
212 3409 367 3486 όνομάτων
390 3407 519 3490 όποτόρῳ
543 3408 582 3474 όιν
604 3410 719 3488 χρῆσθε
733 3411 837 3487 ὑμεῖς,
862 3405 949 3484 ἕξετε
968 3411 1022 3484 την
1041 3419 1138 3484 νῆσον.
1158 3414 1225 3478 imo
1245 3435 1320 3482 vero

133 3517 261 3597 όποτέριρ
286 3515 324 3580 ἂν
346 3519 477 3596 χρῆσόε,
504 3517 619 3594 ὑμεῖς
642 3513 728 3591 ἕξετε
752 3517 806 3590 την
831 3521 928 3588 νῆσον.

177 3728 256 3816 Pag-
284 3725 337 3794 77.
361 3728 415 3795 20.
448 3727 480 3792 τό
507 3727 616 3794 κωλύει
639 3727 692 3792 καὶ
716 3727 916 3802 strnounic
941 3727 1087 3802 Ἀττικῆς
1112 3731 1204 3812 ληςαὶ
1228 3731 1320 3797 τόπον

134 3835 345 3913 καταλάβοιεν
372 3873 413 3883 -
438 3835 494 3899 καί
517 3859 595 3906 τινες
624 3835 749 3905 τούτους
778 3833 860 3920 [τοὺς
884 3833 998 3917 ληςάς]
1022 3835 1201 3916 ἐκκόψειαν,
1234 3841 1321 3910 seres

134 3944 184 4008 καὶ
216 3941 268 4006 τόν
299 3939 391 4004 τόπον
420 3945 525 4006 τοῦτον
550 3938 597 4024 [οὗ
628 3937 705 4014 ἦσαν
727 3943 757 4004 ci
782 3939 888 4027 ληςαό]
919 3977 960 3988 -
985 3945 1043 4003 τῶν
1066 3943 1322 4019 τιμωρησαμένων

134 4047 203 4120 τοὺς
227 4045 326 4126 ληεόις
352 4047 534 4124 piperatum
559 4049 753 4134 Agnoscisne
776 4046 887 4111 stilum
908 4044 1054 4110 sutilium
1072 4048 1322 4132 magistrorum?

135 4155 256 4220 Audivi
285 4155 394 4217 virum
425 4152 636 4241 perelegantis
663 4154 785 4239 ingenii
818 4158 850 4217 et
876 4149 996 4218 Graece
1024 4149 1210 4236 perdoctum
1233 4155 1322 4222 Pari-

135 4263 271 4325 siensem
294 4257 501 4343 professorem
524 4262 571 4324 ita
593 4259 768 4324 dicentem:
794 4259 822 4322 όσ
835 4258 988 4342 jupenceat
1007 4260 1043 4323 de
1062 4259 1187 4322 tarsilla
1203 4261 1253 4325 νόσ
1264 4287 1324 4350 par

135 4363 301 4430 ύόσιόονόόό
327 4365 430 4450 quand
457 4364 485 4428 il
513 4365 599 4446 ιὐρόό
630 4364 719 4427 d'ucc
749 4365 858 4445 όυιιρκσ
887 4371 987 4426 morte.
1034 4363 1196 4430 Lubenter
1226 4391 1264 4433 cx
1288 4390 1325 4435 eo

135 4473 346 4558 quaesiverim
376 4467 498 4536 nihilne
529 4491 603 4536 enm
637 4472 671 4534 in
701 4469 835 4557 vulgata
865 4469 1000 4535 offendat
1032 4474 1193 4556 possitque
1225 4495 1324 4562 aequo
