3356 5084
880 341 946 407 446

316 530 382 598 πέον
409 530 452 596 πόι
476 533 625 615 τοιοῦτον,
649 528 687 596 ὧν
711 530 978 612 προεπινοηθέντων
1001 529 1114 604 οἰκείως
1139 529 1179 596 ίιν
1202 531 1374 611 ἐπιφέροντι
1398 534 1435 598 τὸ
1458 531 1511 597 τόν

316 639 501 716 κεκτημένον
525 637 610 702 οιύπόι
633 637 692 703 ὑπὸ
717 645 772 714 rsit
796 638 938 718 etcopiose
963 639 1015 702 οὐκ
1039 639 1124 719 ἔχειν
1147 634 1213 703 όποι
1237 635 1328 718 χὲση.

361 744 572 812 Manifestum
596 749 644 809 est
665 745 863 811 Antoninum
883 739 1007 810 Comici
1022 743 1218 810 versiculum
1236 743 1398 829 laudasse,
1418 747 1512 810 cuius

315 872 400 917 nunc
422 850 666 916 mendosissime
687 853 843 937 scriptura
868 851 945 916 haec
968 850 1207 918 circumfertur:
1232 853 1286 915 οὐκ
1309 849 1347 916 ἂν
1374 853 1510 916 dmiccc

315 957 448 1034 δονηόείη
473 957 526 1022 πό·

569 1062 626 1128 ὑπὸ
650 1068 693 1127 roi
717 1063 826 1142 οίγοιόῶ
851 1063 914 1143 γὰρ
935 1061 1015 1147 (οὖν)
1040 1060 1223 1145 ἐφαρμόσει.

318 1171 374 1238 sed
397 1191 436 1236 ex
459 1169 522 1236 loci
545 1172 636 1236 exitu
658 1172 796 1258 emergit
817 1191 894 1236 vera
915 1169 1009 1236 lectio
1031 1169 1128 1234 haec:
1270 1243 1280 1266 Ι

448 1276 506 1342 ὑπό
530 1283 588 1342 τῶν
612 1276 738 1354 aratus
760 1277 823 1355 γὰρ
847 1277 900 1341 οὐκ
920 1280 1058 1340 ’‘ext-310
1079 1277 1201 1341 '0n01
1225 1283 1388 1340 xecHIC.

316 1388 350 1450 et
373 1382 484 1450 eadem
505 1403 599 1469 opera
620 1385 721 1447 nostri
743 1382 807 1448 loci
829 1381 977 1448 lacunam
1001 1385 1046 1447 sic
1068 1381 1303 1468 supplebimus:

571 1487 605 1552 ad
629 1488 664 1563 δη
687 1487 854 1567 λεγόμενον
878 1491 931 1553 οὐκ
955 1485 1037 1568 ἔχεις
1063 1485 1127 1554 όποι
1150 1489 1248 1570 χέοης

564 1594 621 1660 ὑπό
644 1601 704 1660 τῶν
726 1596 869 1673 οίγοιόῶν,
894 1591 928 1659 εὖ
951 1593 1020 1660 ίοόι.

318 1706 350 1769 st
373 1703 419 1768 sic
443 1704 564 1788 optime
586 1701 802 1790 intelligimus
825 1723 881 1768 cur
900 1703 1032 1768 dixerit:

964 1810 1182 1889 φορτικώτερον
1205 1807 1236 1873 δέ
1259 1833 1290 1872 πι

525 1914 695 1994 ἐπόρχεποιί
718 1939 787 1992 μοι,
811 1913 963 2002 τρόφιμε,
985 1918 1173 1994 συγγνώμην
1196 1913 1225 1980 δ’
1250 1913 1322 1996 ἔχε,

316 2043 455 2107 namque
478 2027 546 2088 erat
567 2023 667 2088 honor
689 2021 877 2108 praefandus
901 2023 1040 2088 auribus.

361 2234 502 2317 Apparet
534 2234 637 2320 igitur
668 2235 702 2295 in
734 2234 863 2316 antiquo
887 2227 1020 2307 Codice,
1045 2251 1139 2316 quem
1164 2230 1374 2297 'lischendorf
1393 2232 1505 2298 descri-

316 2338 427 2416 bebat,
451 2358 514 2403 non
535 2346 594 2403 ΟΝ
614 2345 778 2402 exaratum
798 2336 913 2420 fuisse,
938 2337 1021 2422 quod
1044 2340 1112 2423 ipse
1134 2336 1343 2403 Tischendorf
1361 2335 1506 2402 dubitan-

315 2447 365 2509 ter
391 2443 499 2520 dedit,
524 2443 579 2509 sed
603 2452 680 2521 011,
705 2445 739 2507 in
763 2462 825 2528 quo
848 2438 915 2508 ίποι
937 2442 1073 2520 latebat,
1093 2447 1131 2508 ut
1149 2442 1188 2509 de
1206 2448 1313 2509 vetere
1332 2445 1503 2528 scriptura:

632 2551 684 2615 ota
709 2547 793 2628 ἔχεις
815 2549 936 2614 ‘onor
963 2531 1156 2636 (necere),

316 2655 407 2722 nulla
429 2676 590 2742 superesse
613 2657 713 2742 possit
735 2653 905 2721 dubitatio.

362 2863 459 2950 Spem
489 2864 610 2930 faciunt
640 2863 699 2929 hae
731 2884 849 2950 paucae
875 2864 1043 2930 Menandri
1065 2864 1200 2930 laciniae
1232 2867 1265 2928 in
1293 2868 1400 2930 vetere
1423 2865 1505 2930 libro

315 2977 456 3056 repertas
487 2972 618 3035 fortasse
648 2969 741 3056 plura
771 2974 868 3036 etiarn
899 2971 1094 3036 Menandrea
1119 2976 1152 3037 et
1174 2972 1348 3056 copiosiora
1371 2976 1405 3035 et
1426 2973 1505 3035 inte·

316 3081 423 3165 griora
445 3081 479 3141 in
503 3076 631 3142 Oriente
653 3077 762 3142 latere.

361 3182 583 3258 Tischendorf,
617 3185 673 3268 qui
703 3187 789 3247 totus
812 3189 880 3248 erat
902 3184 936 3248 in
963 3182 1052 3248 libris
1075 3180 1188 3252 Sacrae
1212 3180 1394 3269 Scripturas
1418 3183 1504 3248 inda·

315 3290 428 3377 gandis
452 3293 484 3354 et
507 3289 722 3364 excutiendis,
746 3289 824 3354 haee
842 3291 1033 3370 φιλολογιιιιί
1053 3309 1155 3375 neque
1174 3290 1213 3355 de
1232 3289 1391 3355 industria
1413 3310 1505 3375 ques·

315 3397 393 3461 sivit
415 3415 518 3480 neque
540 3397 605 3459 nisi
628 3395 658 3458 ἕν
681 3396 801 3476 παρόδῳ
825 3399 946 3484 attigit.

361 3605 503 3672 Obscura
525 3606 679 3690 quaedam
702 3607 788 3672 fama
812 3607 851 3672 ad
873 3628 961 3672 meas
982 3627 1073 3674 aures
1091 3611 1236 3694 pervenit
1256 3629 1323 3673 esse
1342 3609 1376 3672 in
1394 3614 1502 3674 monte

315 3713 400 3779 Atho
421 3712 520 3777 libros
540 3712 734 3796 reconditos,
755 3713 871 3797 quibus
890 3712 1084 3780 Menandrea
1101 3715 1255 3800 quaedam
1272 3716 1500 3780 contineantur.

315 3817 489 3904 Explorent
520 3820 627 3883 omnia
658 3829 690 3882 et
720 3825 957 3904 perscrutentur
986 3820 1051 3898 illi,
1083 3822 1198 3906 quibus
1228 3821 1305 3885 haec
1327 3819 1398 3886 loca
1417 3821 1501 3886 adire

317 3927 499 4012 continget,
532 3945 669 4009 namque
697 3923 865 3992 Menandri
898 3929 1048 4011 reliquias
1079 3929 1175 3990 etiam
1209 3932 1319 3992 tenues
1350 3926 1501 3992 steriles

314 4030 537 4095 lubentissime
561 4034 721 4116 accepturi
744 4052 864 4096 sumus.
