3406 5084
903 385 970 456 514

523 576 599 644 οὕτω
620 555 686 657 Ινάρ
710 579 784 655 ἡμῖν
808 581 826 653 ἦ
849 577 939 649 πίλις
962 577 1086 656 μάλιςοο
1111 581 1170 648 σῶς
1194 573 1233 640 ἀν
1256 571 1312 648 ein.

340 691 389 751 et:

524 792 540 865 ἡ
565 787 655 870 μάζοο
679 788 743 868 ράρ
766 795 824 863 σῶς
848 787 899 854 κον)
925 789 960 855 τὸ
982 787 1073 868 κρίκς
1096 790 1144 868 χώ
1167 784 1316 867 κάροοβος.

387 894 530 960 Turbant
560 897 594 959 in
625 895 676 959 his
704 893 842 974 librarii,
869 897 922 962 sed
945 895 1035 960 nulla
1058 895 1096 960 de
1119 899 1266 962 veterum
1287 914 1348 958 usu
1372 891 1532 958 dubitatio

340 1005 397 1064 est
444 999 481 1064 In
510 998 672 1065 nonnullis
701 999 793 1065 libris
824 1006 856 1066 et
886 1003 920 1066 in
951 999 974 1064 S
1005 1021 1024 1065 a
1054 1002 1159 1086 prima
1180 1021 1280 1066 manu
1301 1001 1459 1083 scriptum
1483 1001 1532 1062 est

340 1111 415 1183 σῶν,
448 1106 532 1190 quod
565 1105 790 1190 reponendum.
838 1107 918 1194 Peg.
944 1105 1049 1188 1293.
1080 1105 1135 1171 26.
1161 1105 1453 1179 siccissimum
1477 1103 1531 1167 κοί

340 1209 385 1278 ἔτι
418 1215 487 1283 σῶς.
516 1210 689 1297 legendum
713 1212 730 1286 ἡ
754 1217 828 1284 νοιῦς
854 1218 911 1284 σῶς
936 1213 1016 1286 no,
1042 1217 1079 1277 nt
1100 1209 1208 1297 paullo
1232 1215 1304 1276 ante
1326 1231 1402 1298 pag.
1431 1207 1532 1274 1292.

342 1315 446 1380 Utilia
477 1315 515 1380 de
545 1317 604 1381 hac
633 1336 666 1380 re
697 1320 822 1383 notovit
848 1317 991 1383 Dindorf.
1016 1317 1056 1382 ad
1078 1336 1153 1404 pag.
1178 1314 1232 1380 61.
1259 1314 1302 1381 14
1324 1318 1358 1380 in
1381 1315 1533 1380 Editione

341 1421 465 1486 minore
487 1419 614 1506 Lipsiae
641 1421 738 1487 1855.

387 1625 469 1713 Peg.
501 1623 579 1692 572.
615 1626 667 1692 14.
703 1624 736 1703 ἦν
758 1628 787 1692 B’
811 1625 893 1703 οὗτος
919 1631 1008 1695 ὃτοῦ
1033 1629 1182 1708 βελτίςου
1203 1630 1307 1709 ποιοίρρ
1330 1629 1532 1708 Χαρικλείδου

343 1737 396 1796 τοῦ
421 1728 582 1811 ἄρξοντος.
630 1732 753 1799 Notum
776 1740 824 1801 est
846 1738 880 1800 in
902 1736 1036 1802 historia
1057 1756 1173 1802 nomen
1194 1739 1269 1820 quia
1290 1735 1340 1799 ἕτὶ
1365 1736 1531 1816 rapinae-

344 1837 393 1902 δον
425 1837 574 1918 ἄρχοντος
606 1844 776 1906 commissa
802 1847 850 1906 est
872 1840 1072 1908 nobilissima
1093 1861 1202 1928 pugna
1224 1841 1309 1926 apud
1330 1840 1531 1906 Mantineam

341 1963 421 2009 anno
454 1941 519 2010 362
547 1965 654 2010 mense
678 1945 770 2010 Iunio
793 1955 832 2028 τῇ
854 1947 1008 2028 δυδεκάτρ
1031 1951 1085 2012 τοῦ
1110 1952 1352 2027 Σκιροφοριῶνος.
1398 1945 1531 2012 Plutar-

342 2049 420 2114 chus
452 2051 521 2135 (aut
550 2052 743 2136 quicumque
774 2053 852 2116 vitae
881 2063 906 2116 X
938 2060 1087 2117 οτσίονιυν
1117 2051 1357 2138 consarcinavit)
1381 2055 1417 2116 in
1439 2051 1530 2116 Plut.

344 2155 458 2218 Μονοί.
490 2175 563 2242 pag.
595 2155 672 2220 845.
698 2175 728 2220 n.
753 2159 799 2222 ita
822 2159 949 2223 scribit:
978 2159 1162 2242 „Xenophon
1183 2157 1266 2222 accit
1289 2158 1532 2234 Demosthenem

317 2345 319 2349 ,
343 2261 385 2339 τῷ
417 2261 473 2336 μὲν
497 2261 561 2340 rip
582 2262 626 2325 τά
647 2263 816 2337 Ἑλληνικὰ
840 2263 977 2328 ἐτελεῖτο
1000 2266 1043 2337 είς
1067 2266 1109 2330 τά
1133 2263 1200 2343 περ)
1225 2266 1281 2339 τίρν
1304 2266 1334 2328 ἕν
1356 2267 1533 2348 Macrone

342 2363 468 2447 μάχιρν,
499 2366 638 2444 ἀρχοντοι
673 2368 704 2432 δὲ
736 2370 947 2448 Χαρικλείδην,
981 2371 995 2433 ὂ
1024 2370 1054 2433 δὲ
1080 2369 1220 2450 πρότερον
1243 2371 1292 2434 ἐπὶ
1316 2369 1530 2450 Τιμοκράτους

342 2466 406 2535 εἷλε
424 2473 493 2542 τοὺς
514 2472 703 2552 ἐπιτρόπους.
735 2471 939 2559 Legendum:
961 2475 975 2539 ὅ
996 2474 1023 2538 δ’
1039 2474 1154 2540 ἜΤΕΙ
1175 2475 1330 2560 πρότερον,
1351 2499 1430 2540 noco
1450 2484 1528 2540 οοίσ.

386 2577 471 2642 Nam
494 2593 693 2642 ausonianas
718 2574 802 2656 ἦρξεν
826 2577 956 2665 Olymp.
981 2579 1055 2644 104.
1081 2580 1110 2646 1.
1136 2602 1217 2646 anno
1241 2580 1310 2670 333.

493 2699 703 2748 cmmemores
725 2681 855 2768 Olymp.
882 2682 957 2748 104.
982 2683 1015 2750 2.
1041 2705 1123 2752 anno
1149 2685 1218 2770 333.

385 2791 498 2873 Itaque
520 2808 587 2864 res,
612 2807 710 2872 quam
733 2795 841 2852 narrat
862 2787 1109 2869 Demosthenes,
1134 2793 1250 2857 accidit
1270 2795 1360 2858 annis
1379 2799 1531 2878 quatuor·
1566 2881 1569 2886 1

341 2896 445 2961 decim
468 2898 540 2958 ante
563 2912 660 2978 quam
681 2893 758 2959 haec
781 2895 992 2960 scriberentur
1016 2896 1204 2963 362-348.

384 3099 465 3187 Peg.
499 3098 576 3166 573.
608 3099 660 3165 21.
694 3105 738 3180 μίν
761 3103 858 3168 τοίνυν
889 3103 943 3168 ε’ἀν
974 3107 1032 3182 μὲν
1065 3107 1136 3186 είπρ
1166 3131 1213 3180 τις
1244 3106 1411 3186 ποοράνομοο
1435 3105 1530 3182 οὕτως

340 3203 526 3285 ὀργιζόμενοι
558 3206 723 3287 Φοιίνεσίε,
754 3210 807 3274 ἐὰν
840 3209 870 3274 δὲ
902 3221 970 3292 ποιῇ
1004 3213 1062 3296 [μίν
1097 3211 1189 3299 λέγῃ]
1228 3214 1332 3297 πρᾴους
1366 3213 1530 3280 arcanea.

340 3309 474 3398 Frangit
504 3312 680 3397 insipidum
712 3314 966 3380 additamentum
991 3319 1196 3402 oppositionis
1218 3321 1288 3384 vim
1311 3326 1344 3384 et
1365 3318 1428 3385 loci
1451 3323 1532 3385 acri·

340 3419 482 3483 moniam
505 3437 645 3482 omnem.

386 3627 463 3693 Post
485 3646 585 3711 pauca
610 3625 686 3690 574.
714 3625 744 3690 l.
766 3627 830 3693 οὔτ’
854 3628 997 3703 ἐλεήσετε
1019 3629 1084 3696 οὔτ’
1110 3633 1270 3712 ἀφήσετε,
1294 3633 1370 3699 ἀλλ’
1394 3635 1531 3700 ἀποκτε-

323 3741 420 3797 νεῖτε
444 3733 461 3807 ἢ
484 3732 675 3807 ἀτιμώσετε,
698 3733 733 3795 in
756 3734 787 3796 S.
808 3737 964 3818 scriptum
987 3741 1036 3800 est
1058 3738 1268 3802 ἀποκτείνετε.
1303 3739 1383 3804 'Pam
1406 3741 1531 3827 incogi-

340 3844 444 3906 tanter
466 3837 567 3904 solent
588 3840 623 3901 in
644 3837 751 3903 verbis
773 3837 938 3924 liquidatis
960 3841 1067 3906 firturo
1091 3863 1235 3927 praesens
1259 3845 1462 3910 substituere.

385 4047 466 4136 Peg.
491 4043 566 4111 574.
591 4044 644 4110 21.
669 4043 707 4108 ἀν
730 4044 826 4110 τοίνυν
852 4047 923 4125 ὑμῖν
947 4049 1060 4136 [optes]
1087 4049 1158 4131 ε’πίρ
1176 4063 1302 4120 σκοπεῖν
1321 4055 1429 4121 τούτου
1447 4072 1530 4130 τλη-

340 4155 433 4234 ρωτίρν
463 4153 605 4231 εὑρήσετε
634 4150 767 4216 Μειδίου
797 4151 872 4217 ὄντος
906 4157 960 4217 τοῦ
997 4153 1107 4234 ε’ράνου.
1156 4155 1346 4225 Rectissime
1380 4163 1467 4240 ίρίῶς
1504 4161 1529 4228 S

339 4261 473 4326 omittit.
518 4256 555 4322 In
585 4279 619 4322 re
649 4262 716 4321 tam
745 4257 928 4337 manifesta,
954 4259 993 4324 de
1020 4280 1081 4345 qua
1103 4282 1196 4328 nemo
1220 4264 1377 4352 ambigit,
1401 4276 1527 4333 σκοπεῖν

338 4368 415 4432 satis
438 4367 498 4429 est.

378 4469 546 4534 Praeterea
568 4467 736 4548 ίπίρχετοιι
760 4489 811 4544 μοι
835 4477 960 4535 σκοπεῖν
983 4472 1062 4537 bene
1081 4471 1195 4551 habet,
1216 4479 1254 4540 ut
1272 4496 1346 4564 pag.
1371 4475 1447 4545 576.
1467 4478 1528 4546 26.
