3356 5084
858 346 924 424 lte

295 567 359 632 eqq.
392 545 460 626 περὶ
491 541 528 609 ὦν
561 543 643 610 ἐνίων
674 545 747 620 τάς
777 545 965 627 εὀχάτας
996 544 1021 610 οῖ
1052 547 1135 622 νόμοι
1167 541 1282 610 διδόασι
1319 541 1480 626 τιμωρίας.

339 756 420 845 Peg.
452 755 528 828 229.
564 756 615 826 17.
647 755 718 844 οὗοί
743 782 783 836 γε
813 757 1000 833 τηλικούτοις
1030 756 1124 832 ἡλίκα
1148 761 1198 820 νῖνν
1222 752 1388 837 ἐτραγῴδει
1417 755 1485 843 [καὶ

294 863 431 947 διεξῄει]
480 862 561 929 Tam
584 885 654 930 aere
676 864 811 930 verbum
833 863 1002 946 τραγῳδεῖν
1024 883 1087 928 non
1109 863 1172 928 fert
1191 865 1276 928 iners
1299 867 1332 928 et
1358 863 1487 950 langui·

294 970 373 1036 dum
397 970 535 1049 διεξιέναι
563 971 625 1034 eibi
649 971 939 1057 superimpositum.

340 1073 505 1142 Contraria
529 1097 632 1142 errore
652 1097 727 1165 pag.
749 1075 826 1142 232.
850 1074 904 1141 22.
929 1077 963 1140 in
987 1074 1100 1140 multis
1122 1073 1215 1140 libris
1238 1077 1393 1160 seriptum
1418 1080 1482 1141 eet:

295 1185 403 1259 ηλίκην
433 1181 492 1248 νυνί
524 1181 720 1267 [ἐτραγῴδεις
751 1183 818 1266 καί]
847 1179 992 1265 διεξῄεις,
1023 1180 1107 1266 quod
1130 1201 1169 1246 ex
1192 1183 1323 1267 optimis
1346 1187 1394 1246 eet
1419 1203 1486 1248 eon-

293 1293 428 1356 reetum.
959 1313 960 1316 ’

340 1395 418 1461 Post
447 1415 548 1481 panea
578 1416 652 1484 pag.
686 1393 763 1462 232.
796 1393 850 1460 25.
882 1393 1025 1459 Dobraeo
1057 1392 1339 1479 obtemperandum
1372 1399 1421 1459 est
1450 1396 1484 1460 in

295 1503 417 1568 verbis:
444 1500 505 1571 ἓςιν
529 1499 601 1567 ὅπου
625 1503 663 1567 οὺ
688 1539 707 1552 -
720 1502 876 1583 παρελθὼν
898 1505 1003 1564 ταῦτα
1026 1491 1047 1564 ἀ
1069 1505 1119 1564 νῦν
1138 1507 1320 1579 κατηγορεῖς
1340 1500 1484 1578 ἒδιδαξας

296 1608 362 1691 [καῖ
395 1604 581 1693 διεξῆλθες];
619 1629 747 1675 summo
781 1610 850 1674 iure
880 1606 1127 1695 frigidissimum
1158 1607 1210 1672 καῖ
1241 1603 1395 1683 διεξῆλθες
1431 1628 1484 1672 ex-

294 1716 461 1801 pungenti.

338 1923 418 2012 Pag.
438 1923 516 1990 232.
537 1924 569 1991 4,
590 1924 641 1990 καί
662 1924 754 1990 ταυτί
774 1920 863 1989 πάνί’
882 1924 954 2004 ὑπὲρ
975 1933 1029 1999 τοῖς
1049 1924 1196 1996 ἀληθείας
1215 1924 1483 2005 ἀκριβολογοῦμαι

296 2030 361 2116 [καῖ
382 2029 604 2126 διεξέρχομαι]
641 2031 814 2117 Aliquanto
832 2029 906 2117 plue
926 2034 975 2095 eet
991 2029 1138 2115 ponderis
1157 2033 1192 2095 in
1210 2031 1482 2112 ἀκριβολογεῖσθαι

294 2157 391 2222 quam
413 2139 448 2203 in
467 2135 629 2214 διεξιέναι,
649 2142 687 2203 ut
705 2137 765 2202 hoe
784 2156 909 2223 qnoque
926 2139 1010 2202 inere
1029 2135 1283 2202 additamentum
1304 2137 1483 2204 tollendum

294 2263 361 2309 esee
383 2264 538 2310 censeam.

339 2452 420 2541 Pag.
444 2451 521 2518 233.
547 2451 600 2517 21.
635 2453 695 2530 ἐγὼ
719 2453 776 2530 μὲν
799 2452 896 2518 τοίνυν
919 2449 1048 2534 ἔγραψα
1071 2452 1226 2531 βουλεύων
1248 2456 1406 2522 ἀποπλεῖν
1428 2457 1483 2532 τίον

291 2559 429 2640 ταχίςην
459 2559 529 2632 τοὺς
563 2558 708 2641 πρέσβεις
741 2559 790 2624 ἐπί
819 2559 889 2630 τοὺς
913 2558 1024 2633 τίτονς
1048 2559 1078 2623 ἕν
1102 2554 1144 2632 οίς
1168 2559 1206 2624 ἀν
1229 2559 1301 2626 ὄντα
1328 2562 1482 2628 Φίλιππον

291 2667 499 2731 πννίάνωνται
536 2664 587 2730 καί
618 2663 687 2736 τοὺς
719 2663 819 2744 ὅρκους
852 2663 1104 2744 ἀτολαμβάνειν.
1137 2666 1250 2733 deinde
1284 2673 1356 2753 poet
1382 2689 1482 2754 panea

291 2793 366 2860 pag.
401 2770 478 2837 234.
511 2771 542 2837 8.
574 2768 595 2837 ἀ
628 2772 688 2848 ἔριδι
721 2771 921 2851 προορώμενος
953 2771 988 2836 τὸ
1012 2774 1169 2853 ψήφισμα
1191 2781 1343 2839 ΤΟΤΤΟ
1368 2776 1481 2854 γράΦιε

293 2881 397 2962 [πλεῖν
428 2877 479 2943 ἐπὶ
503 2878 573 2950 τοὺς
597 2877 708 2950 τόπους
731 2878 761 2943 ἐν
786 2872 828 2948 οίς
852 2877 890 2942 ἀν
914 2875 931 2960 ἦ
956 2877 1109 2950 Φίλιππος
1134 2879 1187 2944 καί
1211 2879 1281 2952 τοὺς
1305 2875 1404 2961 ὅρκους
1429 2881 1482 2954 την

290 2984 429 3065 ταχίςην
463 2982 719 3070 ἀπολαμβάνειν]
758 2981 795 3048 ἵν’
831 2982 963 3064 ε’χίντων
997 2991 1056 3049 τῶν
1091 2991 1217 3068 Θρᾳκῶν
1250 2987 1315 3051 κτὲ.
1372 2986 1434 3066 Qui
1465 3007 1482 3052 a

290 3089 436 3156 Dobraeo
462 3090 644 3156 admonitus
666 3110 729 3157 non
753 3092 851 3156 eentit
874 3090 952 3156 haee
971 3090 1162 3175 interpolata
1181 3110 1266 3170 esee,
1288 3092 1370 3158 nihil
1391 3093 1482 3158 faeile

290 3199 406 3261 sentiet
442 3197 624 3271 ἀναίσθητος
660 3196 706 3261 ὥν.
773 3196 876 3262 Verba
910 3197 945 3262 τὸ
980 3197 1137 3280 ψήφισμα
1171 3201 1260 3263 τοῦτο
1303 3195 1483 3285 significant

287 3302 474 3387 plebiscitum
497 3303 532 3366 id
553 3303 631 3388 qued
653 3303 735 3367 modo
760 3303 891 3366 dicebam

335 3408 372 3473 ln
402 3409 508 3474 verbis
536 3408 735 3494 interpolatis
764 3410 819 3484 την
850 3408 987 3488 ταχίςην
1010 3411 1045 3474 in
1068 3409 1205 3476 alienam
1229 3410 1336 3476 eedem
1359 3411 1481 3476 abente

290 3517 358 3582 vit:
390 3523 479 3580 πλεῖν
511 3515 565 3590 την
596 3515 733 3594 ταχίςην
764 3516 969 3580 sanissimum
1000 3521 1064 3592 eet,
1100 3516 1154 3582 sed
1186 3516 1255 3589 τοὺς
1291 3513 1392 3595 ἕρκους
1427 3519 1481 3592 την

290 3621 428 3702 ταχίςην
457 3619 704 3699 ἀπολαμβάνειν
732 3622 847 3686 vitiose
878 3621 1003 3686 dieitur.
1052 3621 1209 3688 Similiter
1238 3625 1358 3708 optime
1387 3621 1481 3690 habet

290 3735 382 3796 πλεῖν
403 3728 452 3792 ε’πῖ
477 3726 546 3799 τοὺς
571 3726 699 3812 τίπονς,
724 3727 754 3791 ἕν
778 3721 820 3798 οίς
844 3725 883 3791 ἀν
906 3725 979 3790 ὄντα
1003 3726 1054 3792 τδν
1079 3727 1233 3794 Φίλιππον
1256 3727 1480 3814 πυνίάνοινται,

289 3855 352 3900 non
387 3835 417 3899 ε’ν
452 3829 495 3906 νίς
531 3831 569 3898 ἀν
592 3831 625 3915 ᾖ,
658 3835 734 3919 quia
763 3835 903 3898 ineertue
933 3833 985 3898 hie
1016 3833 1104 3900 leeue
1136 3839 1194 3900 eet.
1241 3832 1359 3900 Oontra
1391 3844 1480 3900 πλεῖν

290 3941 374 4028 apud
396 3939 654 4026 interpolatorem
678 3938 795 4006 melius
819 3945 867 4005 eet
890 3960 988 4025 quam
1012 3942 1176 4005 ἀποπλεῖν.
1212 3948 1307 4005 Πλεῖν
1331 3943 1417 4006 enim
1442 3943 1480 4008 de

290 4049 427 4114 οακίῖῖιιο
468 4053 666 4113 etcertum
706 4046 815 4112 loeum
850 4046 1031 4131 petentibus
1066 4049 1215 4132 ponitur,
1252 4047 1405 4112 ἀποπλεῖν
1442 4048 1480 4114 de

288 4154 463 4219 abeuntibae
497 4156 529 4218 et
563 4150 670 4217 locum
705 4152 846 4236 aliquem
881 4151 1145 4237 relinquentibus.
1215 4151 1404 4220 Rectissime
1441 4155 1479 4218 de

290 4261 401 4328 eadem
423 4281 457 4323 re
480 4258 599 4324 dieitur
620 4278 692 4345 pag.
720 4255 795 4322 388.
822 4256 852 4323 5.
878 4266 967 4323 πλεῖν
991 4260 1045 4333 τὴν
1068 4259 1216 4340 ταχίςην.

334 4471 416 4560 Peg.
449 4465 523 4534 235.
557 4465 611 4533 aa.
636 4465 701 4544 εςιο
726 4468 840 4550 tester
865 4466 960 4547 tea,
988 4449 1175 4535 nnomc
1200 4467 1231 4534 ιε
1255 4475 1344 4550 ερον
1369 4469 1387 4548 ς
1410 4493 1477 4539 m-
