<?xml version="1.0" encoding="UTF-8"?>
<!DOCTYPE html PUBLIC "-//W3C//DTD XHTML 1.0 Transitional//EN"
    "http://www.w3.org/TR/xhtml1/DTD/xhtml1-transitional.dtd">
<html xmlns="http://www.w3.org/1999/xhtml" xml:lang="en" lang="en">
 <head>
  <title>
</title>
<meta http-equiv="Content-Type" content="text/html;charset=utf-8" />
  <meta name='ocr-system' content='tesseract 3.04.00' />
  <meta name='ocr-capabilities' content='ocr_page ocr_carea ocr_par ocr_line ocrx_word'/>
</head>
<body>
  <div class='ocr_page' id='page_1' title='image "./miscellaneacrit00cobegoog/miscellaneacrit00cobegoog_0246.png"; bbox 0 0 3304 5090; ppageno 0'>
   <div class='ocr_carea' id='block_1_1' title="bbox 507 1537 894 1636">
    <p class='ocr_par' dir='ltr' id='par_1_1' title="bbox 507 1537 894 1636">
     <span class='ocr_line' id='line_1_1' title="bbox 507 1537 894 1636; baseline 0.018 -8"><span class='ocrx_word' id='word_1_1' title='bbox 507 1537 894 1636; x_wconf 78' lang='lat' dir='ltr'><strong>HOMERICA.</strong></span> 
     </span>
    </p>
   </div>
   <div class='ocr_carea' id='block_1_2' title="bbox 579 1867 814 1912">
    <p class='ocr_par' dir='ltr' id='par_1_2' title="bbox 579 1867 814 1912">
     <span class='ocr_line' id='line_1_2' title="bbox 579 1867 814 1912; baseline 0 -3"><span class='ocrx_word' id='word_1_2' title='bbox 579 1867 814 1912; x_wconf 50' lang='lat' dir='ltr'><strong>‘m</strong></span> 
     </span>
    </p>
   </div>
   <div class='ocr_carea' id='block_1_3' title="bbox 680 2147 707 2214">
    <p class='ocr_par' dir='ltr' id='par_1_3' title="bbox 680 2147 707 2214">
     <span class='ocr_line' id='line_1_3' title="bbox 680 2147 707 2214; baseline 0 0"><span class='ocrx_word' id='word_1_3' title='bbox 680 2147 707 2214; x_wconf 91' lang='lat'><strong>1.</strong></span> 
     </span>
    </p>
   </div>
   <div class='ocr_carea' id='block_1_4' title="bbox 394 2354 978 2530">
    <p class='ocr_par' dir='ltr' id='par_1_4' title="bbox 394 2354 978 2530">
     <span class='ocr_line' id='line_1_4' title="bbox 396 2354 877 2438; baseline 0 -15"><span class='ocrx_word' id='word_1_4' title='bbox 396 2357 578 2423; x_wconf 75' lang='grc' dir='ltr'>’ΛΠΡΕΠΗ</span> <span class='ocrx_word' id='word_1_5' title='bbox 600 2373 685 2422; x_wconf 75' lang='lat' dir='ltr'><strong>aruo</strong></span> <span class='ocrx_word' id='word_1_6' title='bbox 708 2354 877 2438; x_wconf 82' lang='lat' dir='ltr'><strong>Honnnun</strong></span> 
     </span>
     <span class='ocr_line' id='line_1_5' title="bbox 394 2464 978 2530; baseline -0.002 -1"><span class='ocrx_word' id='word_1_7' title='bbox 394 2479 499 2530; x_wconf 83' lang='lat' dir='ltr'><strong>rrrro</strong></span> <span class='ocrx_word' id='word_1_8' title='bbox 522 2464 827 2530; x_wconf 75' lang='lat' dir='ltr'><strong>Anmrnnnunou</strong></span> <span class='ocrx_word' id='word_1_9' title='bbox 848 2481 978 2530; x_wconf 87' lang='lat' dir='ltr'><strong>roororo.</strong></span> 
     </span>
    </p>
   </div>
   <div class='ocr_carea' id='block_1_5' title="bbox 107 2671 1325 4459">
    <p class='ocr_par' dir='ltr' id='par_1_5' title="bbox 107 2671 1325 4350">
     <span class='ocr_line' id='line_1_6' title="bbox 149 2671 1325 2763; baseline 0.004 -24"><span class='ocrx_word' id='word_1_10' title='bbox 149 2673 262 2740; x_wconf 83' lang='lat' dir='ltr'><strong>Multis</strong></span> <span class='ocrx_word' id='word_1_11' title='bbox 286 2674 371 2740; x_wconf 91' lang='lat' dir='ltr'><strong>mihi</strong></span> <span class='ocrx_word' id='word_1_12' title='bbox 393 2672 478 2761; x_wconf 89' lang='lat' dir='ltr'><strong>apud</strong></span> <span class='ocrx_word' id='word_1_13' title='bbox 499 2671 681 2741; x_wconf 82' lang='lat' dir='ltr'><strong>Homerum</strong></span> <span class='ocrx_word' id='word_1_14' title='bbox 703 2671 781 2739; x_wconf 90' lang='lat' dir='ltr'><strong>locis</strong></span> <span class='ocrx_word' id='word_1_15' title='bbox 803 2673 1064 2742; x_wconf 83' lang='lat' dir='ltr'><strong>animadvertisse</strong></span> <span class='ocrx_word' id='word_1_16' title='bbox 1085 2675 1197 2763; x_wconf 83' lang='lat' dir='ltr'><strong>videor</strong></span> <span class='ocrx_word' id='word_1_17' title='bbox 1219 2699 1289 2744; x_wconf 90' lang='lat' dir='ltr'><strong>ern·</strong></span> <span class='ocrx_word' id='word_1_18' title='bbox 1323 2751 1325 2756; x_wconf 67' lang='lat'>,</span> 
     </span>
     <span class='ocr_line' id='line_1_7' title="bbox 112 2776 1289 2850; baseline 0.005 -6"><span class='ocrx_word' id='word_1_19' title='bbox 112 2779 185 2846; x_wconf 88' lang='lat' dir='ltr'><strong>ditos</strong></span> <span class='ocrx_word' id='word_1_20' title='bbox 203 2779 428 2847; x_wconf 84' lang='lat' dir='ltr'><strong>Alexandrinos</strong></span> <span class='ocrx_word' id='word_1_21' title='bbox 449 2777 685 2846; x_wconf 74' lang='lat' dir='ltr'><strong>Grammaticos</strong></span> <span class='ocrx_word' id='word_1_22' title='bbox 704 2783 737 2844; x_wconf 89' lang='lat' dir='ltr'><strong>et</strong></span> <span class='ocrx_word' id='word_1_23' title='bbox 755 2776 890 2846; x_wconf 83' lang='lat' dir='ltr'><strong>Oriticos</strong></span> <span class='ocrx_word' id='word_1_24' title='bbox 900 2781 1043 2848; x_wconf 87' lang='lat' dir='ltr'><strong>heroicae</strong></span> <span class='ocrx_word' id='word_1_25' title='bbox 1056 2787 1088 2848; x_wconf 91' lang='lat' dir='ltr'><strong>et</strong></span> <span class='ocrx_word' id='word_1_26' title='bbox 1097 2780 1289 2850; x_wconf 85' lang='lat' dir='ltr'><strong>Homericae</strong></span> 
     </span>
     <span class='ocr_line' id='line_1_8' title="bbox 112 2885 1289 2978; baseline 0.005 -28"><span class='ocrx_word' id='word_1_27' title='bbox 112 2887 214 2951; x_wconf 87' lang='lat' dir='ltr'><strong>aetatis</strong></span> <span class='ocrx_word' id='word_1_28' title='bbox 233 2885 474 2973; x_wconf 88' lang='lat' dir='ltr'><strong>simplicitatem</strong></span> <span class='ocrx_word' id='word_1_29' title='bbox 493 2891 526 2951; x_wconf 90' lang='lat' dir='ltr'><strong>et</strong></span> <span class='ocrx_word' id='word_1_30' title='bbox 543 2885 712 2952; x_wconf 89' lang='lat' dir='ltr'><strong>candorem</strong></span> <span class='ocrx_word' id='word_1_31' title='bbox 733 2889 765 2950; x_wconf 92' lang='lat' dir='ltr'><strong>et</strong></span> <span class='ocrx_word' id='word_1_32' title='bbox 784 2888 1018 2965; x_wconf 71' lang='lat' dir='ltr'>sinceritatem,</span> <span class='ocrx_word' id='word_1_33' title='bbox 1040 2909 1140 2973; x_wconf 93' lang='lat' dir='ltr'><strong>quum</strong></span> <span class='ocrx_word' id='word_1_34' title='bbox 1152 2892 1186 2955; x_wconf 92' lang='lat' dir='ltr'><strong>in</strong></span> <span class='ocrx_word' id='word_1_35' title='bbox 1197 2892 1289 2978; x_wconf 80' lang='lat' dir='ltr'><strong>regia</strong></span> 
     </span>
     <span class='ocr_line' id='line_1_9' title="bbox 110 2989 1288 3081; baseline 0.006 -28"><span class='ocrx_word' id='word_1_36' title='bbox 110 2989 356 3060; x_wconf 86' lang='lat' dir='ltr'><strong>Ptolemaeorum</strong></span> <span class='ocrx_word' id='word_1_37' title='bbox 375 2997 408 3057; x_wconf 88' lang='lat' dir='ltr'><strong>et</strong></span> <span class='ocrx_word' id='word_1_38' title='bbox 427 2994 462 3056; x_wconf 94' lang='lat' dir='ltr'><strong>in</strong></span> <span class='ocrx_word' id='word_1_39' title='bbox 483 2991 604 3057; x_wconf 87' lang='lat' dir='ltr'><strong>aulicae</strong></span> <span class='ocrx_word' id='word_1_40' title='bbox 622 2993 844 3057; x_wconf 72' lang='lat' dir='ltr'><strong>assentationis</strong></span> <span class='ocrx_word' id='word_1_41' title='bbox 862 2992 980 3058; x_wconf 87' lang='lat' dir='ltr'><strong>foetore</strong></span> <span class='ocrx_word' id='word_1_42' title='bbox 999 2995 1084 3059; x_wconf 88' lang='lat' dir='ltr'><strong>inter</strong></span> <span class='ocrx_word' id='word_1_43' title='bbox 1099 3001 1288 3081; x_wconf 84' lang='lat' dir='ltr'><strong>purpuratos</strong></span> 
     </span>
     <span class='ocr_line' id='line_1_10' title="bbox 111 3096 1288 3187; baseline 0.003 -25"><span class='ocrx_word' id='word_1_44' title='bbox 111 3103 236 3164; x_wconf 77' lang='lat' dir='ltr'><strong>aetatmn</strong></span> <span class='ocrx_word' id='word_1_45' title='bbox 258 3103 407 3187; x_wconf 80' lang='lat' dir='ltr'><strong>agerent,</strong></span> <span class='ocrx_word' id='word_1_46' title='bbox 431 3117 494 3163; x_wconf 94' lang='lat' dir='ltr'><strong>non</strong></span> <span class='ocrx_word' id='word_1_47' title='bbox 512 3099 590 3163; x_wconf 89' lang='lat' dir='ltr'><strong>satis</strong></span> <span class='ocrx_word' id='word_1_48' title='bbox 608 3096 726 3183; x_wconf 90' lang='lat' dir='ltr'><strong>ubique</strong></span> <span class='ocrx_word' id='word_1_49' title='bbox 749 3099 882 3163; x_wconf 90' lang='lat' dir='ltr'><strong>sensisse</strong></span> <span class='ocrx_word' id='word_1_50' title='bbox 900 3101 957 3163; x_wconf 89' lang='lat' dir='ltr'><strong>aut</strong></span> <span class='ocrx_word' id='word_1_51' title='bbox 975 3099 1009 3164; x_wconf 90' lang='lat' dir='ltr'><strong>in</strong></span> <span class='ocrx_word' id='word_1_52' title='bbox 1028 3105 1169 3187; x_wconf 87' lang='lat' dir='ltr'><strong>tempore</strong></span> <span class='ocrx_word' id='word_1_53' title='bbox 1187 3121 1288 3168; x_wconf 87' lang='lat' dir='ltr'><strong>recor·</strong></span> 
     </span>
     <span class='ocr_line' id='line_1_11' title="bbox 111 3201 1287 3272; baseline 0.005 -6"><span class='ocrx_word' id='word_1_54' title='bbox 111 3201 189 3270; x_wconf 86' lang='lat' dir='ltr'><strong>datos</strong></span> <span class='ocrx_word' id='word_1_55' title='bbox 200 3226 274 3272; x_wconf 89' lang='lat' dir='ltr'><strong>esse.</strong></span> <span class='ocrx_word' id='word_1_56' title='bbox 293 3203 479 3270; x_wconf 90' lang='lat' dir='ltr'><strong>Plurimum</strong></span> <span class='ocrx_word' id='word_1_57' title='bbox 492 3203 601 3269; x_wconf 89' lang='lat' dir='ltr'><strong>aberat</strong></span> <span class='ocrx_word' id='word_1_58' title='bbox 612 3207 650 3268; x_wconf 94' lang='lat' dir='ltr'><strong>ut</strong></span> <span class='ocrx_word' id='word_1_59' title='bbox 662 3204 695 3267; x_wconf 93' lang='lat' dir='ltr'><strong>in</strong></span> <span class='ocrx_word' id='word_1_60' title='bbox 707 3205 770 3268; x_wconf 86' lang='lat' dir='ltr'><strong>ista</strong></span> <span class='ocrx_word' id='word_1_61' title='bbox 781 3205 850 3270; x_wconf 81' lang='lat' dir='ltr'><strong>vita</strong></span> <span class='ocrx_word' id='word_1_62' title='bbox 860 3202 952 3270; x_wconf 91' lang='lat' dir='ltr'><strong>molli</strong></span> <span class='ocrx_word' id='word_1_63' title='bbox 965 3208 997 3269; x_wconf 91' lang='lat' dir='ltr'><strong>et</strong></span> <span class='ocrx_word' id='word_1_64' title='bbox 1008 3205 1144 3271; x_wconf 90' lang='lat' dir='ltr'><strong>delicata</strong></span> <span class='ocrx_word' id='word_1_65' title='bbox 1153 3206 1287 3272; x_wconf 90' lang='lat' dir='ltr'><strong>heroum</strong></span> 
     </span>
     <span class='ocr_line' id='line_1_12' title="bbox 110 3307 1287 3398; baseline 0.006 -26"><span class='ocrx_word' id='word_1_66' title='bbox 110 3307 343 3377; x_wconf 89' lang='lat' dir='ltr'><strong>Homerioorum</strong></span> <span class='ocrx_word' id='word_1_67' title='bbox 355 3311 389 3374; x_wconf 81' lang='lat' dir='ltr'><strong>ri</strong></span> <span class='ocrx_word' id='word_1_68' title='bbox 402 3309 522 3389; x_wconf 71' lang='grc' dir='ltr'><strong><em>ἀφελὲς</em></strong></span> <span class='ocrx_word' id='word_1_69' title='bbox 536 3309 587 3374; x_wconf 73' lang='grc' dir='ltr'><strong>καὶ</strong></span> <span class='ocrx_word' id='word_1_70' title='bbox 600 3308 747 3374; x_wconf 68' lang='grc' dir='ltr'><strong>ἁπλοϊκόν</strong></span> <span class='ocrx_word' id='word_1_71' title='bbox 759 3310 848 3374; x_wconf 92' lang='lat' dir='ltr'><strong>omni</strong></span> <span class='ocrx_word' id='word_1_72' title='bbox 860 3308 933 3374; x_wconf 83' lang='lat' dir='ltr'><strong>fuco</strong></span> <span class='ocrx_word' id='word_1_73' title='bbox 945 3315 976 3374; x_wconf 89' lang='lat' dir='ltr'><strong>et</strong></span> <span class='ocrx_word' id='word_1_74' title='bbox 987 3308 1183 3377; x_wconf 82' lang='lat' dir='ltr'><strong>affectatione</strong></span> <span class='ocrx_word' id='word_1_75' title='bbox 1193 3308 1287 3398; x_wconf 72' lang='lat' dir='ltr'><strong>plani</strong></span> 
     </span>
     <span class='ocr_line' id='line_1_13' title="bbox 109 3414 1286 3501; baseline 0.004 -21"><span class='ocrx_word' id='word_1_76' title='bbox 109 3435 234 3484; x_wconf 81' lang='lat' dir='ltr'><strong>vacuum</strong></span> <span class='ocrx_word' id='word_1_77' title='bbox 253 3418 353 3484; x_wconf 87' lang='lat' dir='ltr'><strong>iibere</strong></span> <span class='ocrx_word' id='word_1_78' title='bbox 372 3420 479 3482; x_wconf 93' lang='lat' dir='ltr'><strong>animo</strong></span> <span class='ocrx_word' id='word_1_79' title='bbox 497 3419 664 3481; x_wconf 87' lang='lat' dir='ltr'><strong>aestimare</strong></span> <span class='ocrx_word' id='word_1_80' title='bbox 686 3421 822 3501; x_wconf 85' lang='lat' dir='ltr'><strong>possent.</strong></span> <span class='ocrx_word' id='word_1_81' title='bbox 860 3414 909 3480; x_wconf 79' lang='lat' dir='ltr'><strong>Ex</strong></span> <span class='ocrx_word' id='word_1_82' title='bbox 929 3436 1004 3480; x_wconf 88' lang='lat' dir='ltr'><strong>suae</strong></span> <span class='ocrx_word' id='word_1_83' title='bbox 1024 3419 1137 3482; x_wconf 88' lang='lat' dir='ltr'><strong>aetatis</strong></span> <span class='ocrx_word' id='word_1_84' title='bbox 1155 3418 1286 3485; x_wconf 91' lang='lat' dir='ltr'><strong>modulo</strong></span> 
     </span>
     <span class='ocr_line' id='line_1_14' title="bbox 109 3521 1286 3610; baseline 0.003 -24"><span class='ocrx_word' id='word_1_85' title='bbox 109 3527 243 3610; x_wconf 90' lang='lat' dir='ltr'><strong>antiquos</strong></span> <span class='ocrx_word' id='word_1_86' title='bbox 276 3525 386 3590; x_wconf 88' lang='lat' dir='ltr'><strong>heroes</strong></span> <span class='ocrx_word' id='word_1_87' title='bbox 419 3523 652 3598; x_wconf 76' lang='lat' dir='ltr'><strong>metiebantur,</strong></span> <span class='ocrx_word' id='word_1_88' title='bbox 689 3542 728 3586; x_wconf 86' lang='lat' dir='ltr'><strong>ex</strong></span> <span class='ocrx_word' id='word_1_89' title='bbox 759 3541 815 3586; x_wconf 91' lang='lat' dir='ltr'><strong>suo</strong></span> <span class='ocrx_word' id='word_1_90' title='bbox 847 3526 879 3586; x_wconf 87' lang='lat' dir='ltr'><strong>et</strong></span> <span class='ocrx_word' id='word_1_91' title='bbox 909 3521 1091 3606; x_wconf 89' lang='lat' dir='ltr'><strong>aequalium</strong></span> <span class='ocrx_word' id='word_1_92' title='bbox 1122 3545 1216 3590; x_wconf 90' lang='lat' dir='ltr'><strong>sensu</strong></span> <span class='ocrx_word' id='word_1_93' title='bbox 1247 3525 1286 3591; x_wconf 89' lang='lat' dir='ltr'><strong>ds</strong></span> 
     </span>
     <span class='ocr_line' id='line_1_15' title="bbox 109 3625 1287 3716; baseline 0.003 -24"><span class='ocrx_word' id='word_1_94' title='bbox 109 3625 275 3696; x_wconf 81' lang='lat' dir='ltr'><strong>Homericis</strong></span> <span class='ocrx_word' id='word_1_95' title='bbox 305 3631 400 3696; x_wconf 89' lang='lat' dir='ltr'><strong>rebus</strong></span> <span class='ocrx_word' id='word_1_96' title='bbox 431 3630 634 3714; x_wconf 88' lang='lat' dir='ltr'><strong>personisque</strong></span> <span class='ocrx_word' id='word_1_97' title='bbox 665 3626 867 3710; x_wconf 89' lang='lat' dir='ltr'><strong>iudicabant,</strong></span> <span class='ocrx_word' id='word_1_98' title='bbox 896 3627 980 3692; x_wconf 92' lang='lat' dir='ltr'><strong>unde</strong></span> <span class='ocrx_word' id='word_1_99' title='bbox 1004 3649 1100 3712; x_wconf 86' lang='lat' dir='ltr'><strong>quam</strong></span> <span class='ocrx_word' id='word_1_100' title='bbox 1122 3651 1287 3716; x_wconf 87' lang='lat' dir='ltr'><strong>perversae</strong></span> 
     </span>
     <span class='ocr_line' id='line_1_16' title="bbox 109 3731 1287 3822; baseline 0.003 -24"><span class='ocrx_word' id='word_1_101' title='bbox 109 3733 142 3799; x_wconf 86' lang='lat' dir='ltr'><strong>de</strong></span> <span class='ocrx_word' id='word_1_102' title='bbox 169 3735 246 3802; x_wconf 91' lang='lat' dir='ltr'><strong>locis</strong></span> <span class='ocrx_word' id='word_1_103' title='bbox 275 3734 468 3821; x_wconf 86' lang='lat' dir='ltr'><strong>quibusdam</strong></span> <span class='ocrx_word' id='word_1_104' title='bbox 499 3734 661 3820; x_wconf 89' lang='lat' dir='ltr'><strong>opiniones</strong></span> <span class='ocrx_word' id='word_1_105' title='bbox 692 3737 778 3797; x_wconf 87' lang='lat' dir='ltr'><strong>ortae</strong></span> <span class='ocrx_word' id='word_1_106' title='bbox 805 3733 870 3797; x_wconf 91' lang='lat' dir='ltr'><strong>sint</strong></span> <span class='ocrx_word' id='word_1_107' title='bbox 891 3731 1108 3819; x_wconf 87' lang='lat' dir='ltr'><strong>compluribus</strong></span> <span class='ocrx_word' id='word_1_108' title='bbox 1131 3735 1287 3822; x_wconf 86' lang='lat' dir='ltr'><strong>exemplis</strong></span> 
     </span>
     <span class='ocr_line' id='line_1_17' title="bbox 109 3833 1286 3925; baseline 0 -21"><span class='ocrx_word' id='word_1_109' title='bbox 109 3841 258 3908; x_wconf 66' lang='lat' dir='ltr'><strong>osoendere</strong></span> <span class='ocrx_word' id='word_1_110' title='bbox 280 3845 381 3908; x_wconf 83' lang='lat' dir='ltr'><strong>iuvat.</strong></span> <span class='ocrx_word' id='word_1_111' title='bbox 418 3840 523 3906; x_wconf 88' lang='lat' dir='ltr'><strong>Nemo</strong></span> <span class='ocrx_word' id='word_1_112' title='bbox 544 3843 692 3905; x_wconf 84' lang='lat' dir='ltr'><strong>veterum</strong></span> <span class='ocrx_word' id='word_1_113' title='bbox 715 3833 909 3903; x_wconf 85' lang='lat' dir='ltr'><strong>Oriticorum</strong></span> <span class='ocrx_word' id='word_1_114' title='bbox 931 3857 968 3903; x_wconf 89' lang='lat' dir='ltr'><strong>oo</strong></span> <span class='ocrx_word' id='word_1_115' title='bbox 990 3841 1072 3905; x_wconf 81' lang='lat' dir='ltr'><strong>vitio</strong></span> <span class='ocrx_word' id='word_1_116' title='bbox 1090 3839 1184 3925; x_wconf 86' lang='lat' dir='ltr'><strong>plane</strong></span> <span class='ocrx_word' id='word_1_117' title='bbox 1204 3840 1286 3906; x_wconf 90' lang='lat' dir='ltr'><strong>liber</strong></span> 
     </span>
     <span class='ocr_line' id='line_1_18' title="bbox 109 3943 1285 4023; baseline 0 -13"><span class='ocrx_word' id='word_1_118' title='bbox 109 3951 164 4010; x_wconf 90' lang='lat' dir='ltr'><strong>est:</strong></span> <span class='ocrx_word' id='word_1_119' title='bbox 186 3947 389 4014; x_wconf 80' lang='lat' dir='ltr'><strong>Aristarchus</strong></span> <span class='ocrx_word' id='word_1_120' title='bbox 412 3948 511 4014; x_wconf 90' lang='lat' dir='ltr'><strong>etiam</strong></span> <span class='ocrx_word' id='word_1_121' title='bbox 534 3947 569 4010; x_wconf 93' lang='lat' dir='ltr'><strong>in</strong></span> <span class='ocrx_word' id='word_1_122' title='bbox 592 3943 643 4009; x_wconf 89' lang='lat' dir='ltr'><strong>his</strong></span> <span class='ocrx_word' id='word_1_123' title='bbox 666 3943 772 4008; x_wconf 86' lang='lat' dir='ltr'><strong>muito</strong></span> <span class='ocrx_word' id='word_1_124' title='bbox 794 3948 842 4009; x_wconf 88' lang='lat' dir='ltr'><strong>cst</strong></span> <span class='ocrx_word' id='word_1_125' title='bbox 865 3947 996 4010; x_wconf 88' lang='lat' dir='ltr'><strong>caeteris</strong></span> <span class='ocrx_word' id='word_1_126' title='bbox 1018 3947 1139 4023; x_wconf 86' lang='lat' dir='ltr'><strong>sanior,</strong></span> <span class='ocrx_word' id='word_1_127' title='bbox 1163 3945 1218 4010; x_wconf 90' lang='lat' dir='ltr'><strong>sed</strong></span> <span class='ocrx_word' id='word_1_128' title='bbox 1238 3950 1285 4010; x_wconf 88' lang='lat' dir='ltr'><strong>ta·</strong></span> 
     </span>
     <span class='ocr_line' id='line_1_19' title="bbox 107 4047 1286 4140; baseline 0 -26"><span class='ocrx_word' id='word_1_129' title='bbox 107 4070 172 4116; x_wconf 90' lang='lat' dir='ltr'><strong>men</strong></span> <span class='ocrx_word' id='word_1_130' title='bbox 198 4058 230 4120; x_wconf 88' lang='lat' dir='ltr'><strong>et</strong></span> <span class='ocrx_word' id='word_1_131' title='bbox 258 4056 327 4140; x_wconf 86' lang='lat' dir='ltr'><strong>ipse</strong></span> <span class='ocrx_word' id='word_1_132' title='bbox 358 4051 504 4120; x_wconf 91' lang='lat' dir='ltr'><strong>nonnihil</strong></span> <span class='ocrx_word' id='word_1_133' title='bbox 534 4069 774 4135; x_wconf 90' lang='lat' dir='ltr'><strong>nonnumquam</strong></span> <span class='ocrx_word' id='word_1_134' title='bbox 798 4052 917 4134; x_wconf 86' lang='lat' dir='ltr'><strong>peccat.</strong></span> <span class='ocrx_word' id='word_1_135' title='bbox 963 4047 1026 4115; x_wconf 82' lang='lat' dir='ltr'><strong>Sed</strong></span> <span class='ocrx_word' id='word_1_136' title='bbox 1049 4051 1194 4115; x_wconf 91' lang='lat' dir='ltr'><strong>omnium</strong></span> <span class='ocrx_word' id='word_1_137' title='bbox 1215 4048 1286 4134; x_wconf 90' lang='lat' dir='ltr'><strong>plu-</strong></span> 
     </span>
     <span class='ocr_line' id='line_1_20' title="bbox 107 4152 1286 4244; baseline -0.001 -24"><span class='ocrx_word' id='word_1_138' title='bbox 107 4158 233 4238; x_wconf 87' lang='lat' dir='ltr'><strong>rimum,</strong></span> <span class='ocrx_word' id='word_1_139' title='bbox 277 4163 306 4226; x_wconf 94' lang='lat' dir='ltr'><strong>si</strong></span> <span class='ocrx_word' id='word_1_140' title='bbox 340 4159 417 4244; x_wconf 92' lang='lat' dir='ltr'><strong>quid</strong></span> <span class='ocrx_word' id='word_1_141' title='bbox 451 4157 561 4234; x_wconf 79' lang='lat' dir='ltr'><strong>video,</strong></span> <span class='ocrx_word' id='word_1_142' title='bbox 596 4157 632 4221; x_wconf 91' lang='lat' dir='ltr'><strong>in</strong></span> <span class='ocrx_word' id='word_1_143' title='bbox 665 4176 702 4221; x_wconf 91' lang='lat' dir='ltr'><strong>eo</strong></span> <span class='ocrx_word' id='word_1_144' title='bbox 736 4175 851 4244; x_wconf 80' lang='lat' dir='ltr'><strong>genere</strong></span> <span class='ocrx_word' id='word_1_145' title='bbox 886 4156 1026 4242; x_wconf 74' lang='lat' dir='ltr'><strong>impegit</strong></span> <span class='ocrx_word' id='word_1_146' title='bbox 1059 4152 1286 4239; x_wconf 78' lang='lat' dir='ltr'><strong>Aristophanes</strong></span> 
     </span>
     <span class='ocr_line' id='line_1_21' title="bbox 107 4261 301 4350; baseline 0.021 -24"><span class='ocrx_word' id='word_1_147' title='bbox 107 4261 301 4350; x_wconf 74' lang='lat' dir='ltr'><strong>Byzantinus.</strong></span> 
     </span>
    </p>

    <p class='ocr_par' dir='ltr' id='par_1_6' title="bbox 145 4368 1284 4459">
     <span class='ocr_line' id='line_1_22' title="bbox 145 4368 1284 4459; baseline -0.003 -22"><span class='ocrx_word' id='word_1_148' title='bbox 145 4369 304 4438; x_wconf 87' lang='lat' dir='ltr'><strong>Proferam</strong></span> <span class='ocrx_word' id='word_1_149' title='bbox 327 4371 471 4457; x_wconf 88' lang='lat' dir='ltr'><strong>primum</strong></span> <span class='ocrx_word' id='word_1_150' title='bbox 493 4369 669 4459; x_wconf 78' lang='lat' dir='ltr'><strong>insigniora</strong></span> <span class='ocrx_word' id='word_1_151' title='bbox 692 4368 848 4452; x_wconf 86' lang='lat' dir='ltr'><strong>quaedam</strong></span> <span class='ocrx_word' id='word_1_152' title='bbox 870 4369 1054 4434; x_wconf 88' lang='lat' dir='ltr'><strong>testimonia</strong></span> <span class='ocrx_word' id='word_1_153' title='bbox 1076 4373 1109 4432; x_wconf 91' lang='lat' dir='ltr'><strong>et</strong></span> <span class='ocrx_word' id='word_1_154' title='bbox 1128 4368 1284 4456; x_wconf 84' lang='lat' dir='ltr'><strong>exempla.</strong></span> 
     </span>
    </p>
   </div>
   <div class='ocr_carea' id='block_1_6' title="bbox 108 4473 1137 4628">
    <p class='ocr_par' dir='ltr' id='par_1_7' title="bbox 108 4473 1137 4628">
     <span class='ocr_line' id='line_1_23' title="bbox 108 4473 350 4566; baseline 0.004 -24"><span class='ocrx_word' id='word_1_155' title='bbox 108 4473 211 4566; x_wconf 80' lang='lat' dir='ltr'><strong>Odyss.</strong></span> <span class='ocrx_word' id='word_1_156' title='bbox 234 4475 271 4544; x_wconf 90' lang='lat'><strong>0.</strong></span> <span class='ocrx_word' id='word_1_157' title='bbox 297 4475 350 4543; x_wconf 89' lang='grc'><strong>19.</strong></span> 
     </span>
     <span class='ocr_line' id='line_1_24' title="bbox 1109 4582 1137 4628; baseline 0.036 -1"><span class='ocrx_word' id='word_1_158' title='bbox 1109 4582 1137 4628; x_wconf 80' lang='lat' dir='ltr'><strong>ro</strong></span> 
     </span>
    </p>
   </div>
   <div class='ocr_carea' id='block_1_7' title="bbox 0 0 1656 5090">
    <p class='ocr_par' dir='ltr' id='par_1_8' title="bbox 0 0 1656 5090">
     <span class='ocr_line' id='line_1_25' title="bbox 0 0 1656 5090; baseline 0 4"><span class='ocrx_word' id='word_1_159' title='bbox 0 0 1656 5090; x_wconf 95' lang='lat' dir='ltr'><strong> </strong></span> 
     </span>
    </p>
   </div>
  </div>
 </body>
</html>
