3356 5084
900 363 966 438 533

341 573 417 623 vers
447 560 480 622 et
510 558 641 643 antique
670 557 781 625 lentio:
818 552 864 624 θτι
896 560 1011 626 τούτων
1042 559 1099 641 μὲν
1132 555 1279 639 μετέχει
1311 553 1349 622 ὧν
1379 555 1535 623 ἀδικοῦσιν

344 663 425 740 ὑμᾶς
446 661 543 749 τινές,
564 664 627 729 otri
648 664 679 730 et
698 670 756 730 τῶν
778 666 1045 746 εἰσπραττομένων
1066 667 1296 749 ὑφαιρΕΙΤΑΙ·
1317 663 1354 728 δι’
1373 664 1536 737 drausius

341 767 373 832 δὲ
404 766 520 848 τρθτιον
552 769 671 851 διχόθεν
700 781 897 850 ιιαριιΟΥται
930 775 985 849 τὴν
1017 771 1118 839 τθλιν.
1165 770 1258 836 Unde
1288 770 1366 836 haee
1387 775 1465 835 nats
1488 775 1538 835 est

344 873 561 958 perturbatio?
595 877 718 962 Nempe
742 898 781 943 ex
807 878 985 944 itmooratea
1004 901 1080 969 pag.
1105 877 1182 945 754.
1206 876 1238 943 8.
1262 878 1383 942 ἐνταῦθ’
1406 876 1538 958 ἐφάνηθ’

347 980 429 1057 ἡμῶν
450 981 609 1061 κηδόμενοι
630 978 665 1048 οὗ
687 985 821 1056 πολλοὺς
845 983 903 1050 ἔδει
928 993 1029 1060 κακῶς
1054 991 1189 1059 ποιῆσαι.
1214 983 1364 1062 βούλεσθε
1383 1019 1427 1032 -
1444 981 1539 1062 μετέ-

342 1109 450 1167 χουσιν
468 1127 510 1138 -
528 1091 729 1172 ὑφαιροῦνται
745 1127 789 1139 --
809 1096 997 1174 καρποῦνται
1020 1093 1076 1167 τθιν
1100 1091 1200 1158 ιιθλιν.

388 1192 453 1260 Res
481 1201 546 1276 est,
579 1197 688 1282 eredo,
720 1199 797 1262 satis
827 1202 1001 1285 perspicus.
1048 1197 1146 1264 Vides
1177 1199 1211 1262 in
1241 1196 1265 1262 S
1294 1195 1445 1262 lacunam
1469 1217 1538 1262 esse

342 1299 427 1366 inter
455 1310 652 1367 ΤΩΝΜΕΝ
670 1341 712 1351 -
729 1312 990 1381 ΤΦΑΙΡΕῙΤΑΙ,
1018 1325 1114 1391 quam
1139 1325 1178 1372 ex
1200 1303 1263 1370 alio
1286 1304 1368 1370 libro
1398 1305 1539 1389 interpo-

344 1405 411 1473 lato
434 1414 588 1473 corrector
610 1412 644 1474 in
666 1413 813 1497 margine
837 1411 989 1498 explevit.

390 1511 428 1577 In
459 1512 658 1582 Timocrates
686 1537 761 1605 pag.
794 1515 871 1586 752.
903 1517 956 1586 13.
980 1517 1094 1604 psuilo‘
1115 1516 1208 1583 aliter
1230 1518 1341 1584 endem
1363 1508 1536 1584 formarit:

345 1625 408 1690 τοῖς
439 1619 496 1698 μὲν
524 1620 639 1694 δούλοις
657 1661 700 1672 -
721 1622 882 1690 ὑτεθθιινθν
906 1627 966 1711 ἐςι,
990 1633 1053 1698 τοῖς
1079 1624 1103 1690 t’
1128 1624 1290 1706 ἐλευθέροις
1311 1625 1536 1689 'TCTATON

344 1727 434 1788 τοῦτο
472 1727 615 1806 τροοθιιει
657 1729 808 1812 κοιιθζειν.
866 1731 1029 1798 Intellexit
1074 1734 1161 1798 enim
1198 1753 1232 1797 se
1267 1736 1360 1798 entes
1396 1731 1538 1795 nimium

345 1829 479 1912 dixisse,
503 1836 578 1922 quis
600 1841 648 1902 tot
669 1834 764 1904 liberi
786 1839 874 1905 eires
897 1840 1002 1924 eapite
1022 1837 1251 1925 plectebantur.

690 2078 786 2144 KAT’
810 2079 1187 2145 ’APIcTOKPATOTC.

348 2363 484 2446 ἦσνχιαν
513 2363 604 2442 ἄγειν
636 2367 703 2450 [καὶ
734 2370 983 2451 οιιιιιῆσαι],-
1005 2390 1044 2446 ιτρ
1046 2365 1143 2448 θτερον
1164 2283 1206 2431 νδὲ
1236 2367 1342 2430 εἱιιιῑν.
1389 2364 1535 2431 Necesse·

348 2472 435 2535 rium
459 2475 507 2536 est
523 2494 667 2554 ρτοοιοιιι
690 2477 825 2551 οιιοιιῖιν,
845 2472 900 2538 sed
919 2473 995 2538 ed
979 2474 1115 2553 ηονχίαν
1133 2471 1223 2551 sym
1242 2472 1410 2558 adscripsit
1422 2470 1537 2557 aliquis

345 2577 399 2640 καὶ
431 2585 597 2652 σιωπῆσαι.
645 2581 712 2642 Νῦν
742 2579 799 2658 μὲν
818 2617 858 2628 -
877 2580 1015 2661 πρότερον
1041 2579 1074 2645 δέ
1097 2582 1144 2645 ita
1166 2585 1401 2665 componuntur
1423 2583 1462 2642 ut
1486 2580 1536 2641 νῦν

344 2683 401 2762 μὲν
433 2704 579 2770 praesens
612 2685 742 2763 habeat,
780 2685 920 2768 πρότερον
955 2686 986 2752 δέ
1021 2688 1119 2753 sorist
1118 2707 1177 2751 nm
1210 2685 1264 2753 vel
1296 2684 1533 2771 imperfectum.

348 2789 555 2872 ‘'Hrvxtev
535 2814 625 2870 αγειν
655 2812 712 2877 pro
741 2799 839 2858 tacere
868 2796 925 2858 not
925 2813 982 2857 um
1013 2797 1081 2877 est,
1113 2796 1254 2880 ntp.eg
1286 2789 1339 2855 40.
1375 2789 1405 2856 3
1430 2789 1537 2869 εἰμὲν

347 2895 455 2980 ἤρεσκέ
478 2897 511 2962 τθ
533 2920 585 2976 μοι
608 2904 666 2962 τῶν
691 2897 875 2978 ρηθέντιιν
859 2899 993 2978 ηονχθαν
1017 2897 1055 2965 θιν
1079 2894 1164 2977 θγον.

389 3108 470 3196 Peg.
507 3105 582 3172 624.
619 3105 651 3173 8.
686 3107 833 3172 ἐσκόπουν
866 3105 915 3174 οὖν
950 3107 1008 3173 τίν’
1044 3106 1081 3174 θον
1116 3106 1223 3188 τρθτον
1247 3107 1325 3173 -θ
1363 3105 1538 3188 Χαρίδημος

345 3217 499 3299 ἀσφαλῶς
532 3212 639 3278 πάντα
670 3213 917 3296 κοιταςρέψαιτο.
946 3215 970 3279 εἰ
996 3219 1111 3295 πρῶτον
1137 3214 1194 3291 μὲν
1220 3211 1258 3278 ἄν
1279 3238 1325 3286 τις
1346 3215 1441 3280 αὐτὸν
1461 3214 1538 3279 atrro·

341 3322 442 3405 ιιτεθνη
472 3322 629 3403 ψήφισμα
658 3319 799 3402 ὑμέτερον
830 3319 946 3400 γένοιτο
978 3319 1144 3398 οθγιθγιμον
1178 3316 1264 3386 εἶναι.
1292 3317 1430 3400 δεύτερον
1453 3320 1484 3384 δὲ
1511 3322 1537 3384 εἰ

342 3428 559 3511 χειροτονηθείη
585 3426 739 3508 ορατηγὸι
764 3427 819 3510 ὑφ’
843 3427 925 3505 ὑμῶν
951 3425 1165 3515 [iioeplisneos]¹
1214 3425 1387 3492 Manifesta
1411 3427 1445 3490 in
1467 3425 1499 3490 h.
1513 3424 1537 3492 1.

342 3537 457 3604 leeuns
487 3542 536 3599 est
562 3539 595 3598 et
626 3533 744 3599 elamet
773 3535 930 3598 sententis
960 3533 1114 3600 excidisse
1147 3532 1270 3619 aliquid
1292 3533 1536 3598 huiuscemodi:

337 3646 542 3734 (exennium
576 3640 607 3704 δὲ
631 3635 761 3720 εὕρισκον
787 3641 855 3722 θρὶξ
879 3637 918 3704 οθν
942 3646 1031 3722 σφισι
1057 3645 1146 3705 τοῦτο
1169 3638 1343 3720 γενόμενον)
1368 3640 1395 3702 εἰ
1420 3645 1537 3717 ιτριῖιτον

344 3750 401 3829 μὲν
432 3749 498 3814 xri.
530 3752 586 3812 sut
616 3744 704 3811 aliud
727 3745 804 3831 quid
826 3748 860 3810 in
884 3745 1017 3812 eandem
1040 3749 1240 3813 sententiam.
1287 3744 1411 3812 Deinde
1434 3751 1536 3812 trans·

343 3855 487 3944 ponends
517 3857 591 3920 sunt
622 3873 701 3938 qnae
732 3860 908 3937 sequuntur
937 3854 972 3917 in
1002 3853 1087 3919 hune
1111 3852 1262 3921 modum:
1288 3853 1314 3917 ei
1339 3856 1454 3933 πρῶτον
1478 3853 1535 3930 μὲν

341 3964 498 4046 ψήφισμα
534 3959 676 4038 ὑμέτερον
708 3957 843 4037 γένοιτο·
879 3955 917 4022 ἄν
951 3983 997 4031 τις
1032 3959 1126 4024 αὐτὸν
1161 3955 1327 4040 οθτοιιτεθνη
1367 3958 1534 4037 ἀγώγιμον

343 4065 419 4136 εἶναι
430 4115 439 4147 ,
464 4087 544 4154 quae
566 4067 663 4132 verbs
686 4085 726 4130 ex
747 4067 816 4150 ipso
838 4064 1005 4150 plebiscito
1028 4069 1135 4130 sumta
1158 4066 1356 4150 ineptissime
1379 4063 1536 4149 dirimun-

341 4181 395 4242 tur
424 4173 619 4259 interpositis
648 4170 753 4238 verbis
782 4171 938 4254 ψήφισμα
971 4171 1112 4252 ὑμέτερον
1144 4169 1273 4250 γένοιτο.
1319 4170 1465 4258 Denique
1499 4172 1534 4235 in

341 4279 402 4346 fine
425 4279 486 4345 loci
510 4285 656 4366 expunge
679 4277 851 4358 Χαριθημοι
875 4277 1042 4363 pueriliter
1065 4277 1221 4343 additum.

385 4491 465 4577 Peg.
502 4485 579 4553 625.
616 4487 648 4554 9.
687 4487 786 4554 καΙτοι
818 4489 882 4562 πῶς
917 4486 955 4553 θον
991 4489 1207 4570 τεχνικώτερον
1242 4487 1260 4566 ἢ
1293 4488 1531 4570 κακουργότερον
