3308 5090
893 376 937 447 ’78

321 567 411 634 benii
442 572 489 632 est
519 569 587 632 sive
616 569 847 654 cuiuscumque
879 589 992 653 repone
1021 589 1096 633 eum
1120 565 1283 634 Dindorfio
1306 570 1350 644 μη
1375 571 1544 650 περιορᾶν

324 675 568 752 ἈΝαιρεθεῖσαν
592 673 750 752 Μεγάλην
775 675 873 739 πόλιν.

368 886 448 975 Peg.
482 885 558 950 204.
589 887 641 951 14.
667 891 716 952 νῦν
739 887 795 965 μὲν
822 885 991 963 -δύξετε-
1014 888 1068 962 τὴν
1094 886 1207 966 είρύνην
1231 886 1411 968 σπουδάζειν
1436 883 1537 953 εἶναι

322 993 463 1072 βεβαίαν
495 993 567 1073 ὑπὲρ
596 989 629 1068 ἧς
664 993 921 1080 [ἐκινδυνεύσατε]
952 992 1004 1057 καί
1029 991 1257 1072 παρετάξασθε.
1305 995 1407 1059 Aoute
1430 996 1538 1062 vidit

321 1099 485 1166 Dobroeus
520 1099 637 1165 dixisse
667 1099 931 1164 Demosthenem:
965 1100 1037 1179 ὑπὲρ
1068 1095 1100 1175 ἦς
1125 1108 1196 1163 ΚΑΙ
1221 1099 1462 1180 παρετάξασθε,
1497 1105 1537 1167 et

322 1207 501 1293 peridoneis
524 1205 680 1292 exemplis
703 1206 763 1271 hoo
786 1204 909 1270 dicendi
929 1225 1031 1293 genus
1051 1204 1236 1270 illustravit.
1271 1204 1363 1271 Nihil
1382 1209 1535 1276 interest

322 1316 406 1378 inter
437 1310 712 1392 παρατάττεσθαι,
747 1311 924 1375 κινδυνεύειν
952 1316 985 1376 et
1011 1310 1192 1390 μάχεσθαιτ
1224 1314 1332 1396 itaque
1355 1313 1531 1401 frigidum

323 1425 371 1484 est
402 1422 434 1482 et
463 1415 678 1484 Demosthene
710 1417 888 1504 indignum.
911 1417 989 1482 hoec
1019 1437 1205 1501 componere
1236 1420 1270 1482 in
1300 1438 1336 1483 eo
1364 1417 1434 1486 loeo
1460 1422 1531 1486 ubi

322 1523 405 1589 nihil
427 1529 475 1589 est
498 1544 556 1588 our
579 1525 650 1608 quis
673 1523 878 1588 excandescet
904 1527 936 1587 et
960 1527 1050 1587 oestu
1074 1522 1199 1587 dicendi
1222 1527 1374 1608 rapiatur.

366 1737 423 1802 Bis
446 1735 560 1801 vocula
582 1739 631 1800 νῦν
654 1739 835 1821 importune
859 1738 976 1801 inserto
998 1740 1045 1801 est
1068 1757 1141 1823 peg.
1163 1735 1239 1801 204.
1261 1735 1304 1801 23
1338 1739 1364 1801 εί
1387 1738 1417 1804 δὲ
1442 1741 1525 1812 τοὺς

322 1843 537 1921 βοηθήσαντας
562 1841 600 1906 άν
625 1843 697 1918 ύμῖν
725 1841 801 1930 [νῦν]
830 1844 880 1907 ἐπ’
905 1841 998 1907 αύτδν
1025 1843 1146 1922 ἐχθροὺς
1172 1843 1358 1921 κτησόμεθα.
1384 1851 1417 1909 et
1439 1866 1526 1932 pag.

323 1948 400 2014 204.
431 1947 485 2013 26.
517 1949 551 2013 τὸ
583 1949 610 2012 δ’
643 1949 766 2028 ἐχθροὺς
800 1951 872 2025 ἡμῖν
907 1949 1167 2025 Λακεδαιμονίους
1199 1947 1319 2015 ἔσεσθαι
1354 1951 1431 2038 [νῦν]
1461 1952 1524 2016 ε’άν

322 2053 477 2133 ποιώμεθα
502 2054 692 2135 συμμάχους
716 2057 785 2127 τοὺς
811 2055 967 2131 Ἀρκάδας
992 2056 1056 2119 κτὲ.
1103 2054 1238 2121 Ponitur
1261 2060 1311 2121 νῦν
1334 2059 1368 2120 in
1392 2061 1523 2143 opposi-

322 2165 407 2228 tione
433 2162 497 2247 (νῦν
510 2161 649 2246 ψοθσε)
673 2165 741 2227 sive
765 2182 801 2226 ee
826 2161 945 2227 diserte
969 2181 1114 2246 expresso
1133 2171 1198 2239 est,
1223 2165 1290 2229 sive
1310 2184 1348 2228 ex
1368 2169 1523 2229 contexta

322 2271 462 2334 oratione
493 2273 602 2352 sponte
634 2266 840 2356 intelligitur.
887 2265 1036 2332 Alterum
1068 2272 1119 2332 νῦν
1150 2267 1313 2334 Dobreeus
1344 2269 1519 2354 expunxit,

321 2376 410 2459 prius
433 2375 553 2439 ineerta
576 2374 648 2439 sede
671 2395 726 2459 per
750 2373 848 2439 libros
871 2373 1009 2439 volitans
1032 2373 1162 2458 perinde
1187 2373 1368 2440 delendum.

367 2585 446 2672 Peg.
480 2584 555 2650 204.
590 2584 644 2653 27.
676 2623 719 2634 -
753 2585 853 2663 μθνοις
882 2584 944 2649 οὐδ’
968 2585 1065 2650 είπεῖν
1089 2583 1201 2661 ἐξεῖναι
1227 2584 1335 2665 νομίζω
1359 2595 1422 2660 τοῖς
1448 2589 1517 2653 πεί-

321 2715 411 2756 σασιν
441 2693 521 2770 ύμῖις
550 2689 596 2760 ὅτ’
631 2693 811 2757 ἐκινδύνευον
836 2690 1073 2768 Λακεδαιμόνιοι
1096 2694 1217 2770 βοηθεῖν
1241 2689 1385 2778 [dissic]
1431 2693 1518 2759 Lun-

321 2799 457 2886 guidum
490 2805 522 2864 et
549 2819 678 2884 prorsus
710 2798 826 2863 inutile
857 2800 961 2870 αὐτοῖς
995 2800 1028 2861 in
1052 2801 1197 2886 margine
1221 2795 1347 2866 Codicis
1371 2799 1393 2866 S
1417 2821 1517 2886 oppo-

321 2907 422 2971 situm
455 2904 526 2970 tolli
550 2909 683 2991 oportet.
730 2903 898 2969 Praetereo
921 2924 992 2968 eam
1017 2903 1122 2969 sedem
1147 2911 1279 2990 ooeupst
1303 2927 1400 2992 quarn
1422 2906 1517 2980 nullo

318 3012 413 3077 modo
444 3011 665 3076 huiuscemodi
696 3012 884 3096 pronomine
915 3012 1003 3075 omui
1033 3013 1068 3076 vi
1097 3011 1250 3076 destituta
1279 3014 1363 3098 apud
1392 3015 1514 3079 bonum

320 3121 503 3204 scriptorem
526 3118 669 3183 obtinere
694 3122 835 3202 possunt.

365 3330 444 3418 Peg.
478 3327 554 3393 205.
580 3327 611 3391 2.
637 3325 764 3391 ἔπεισαν
783 3326 866 3404 ύμῖις
891 3325 1013 3391 πάντων
1037 3329 1282 3402 Πελοποννησίων
1305 3328 1448 3394 ἐλθόντων
1471 3331 1513 3401 ύς

321 3437 404 3514 ὑμᾶς
439 3435 491 3499 καί
528 3434 596 3511 μεθ’
629 3435 711 3510 ὑμῶν
743 3431 907 3510 άξιούντων
939 3431 988 3496 ε’πί
1019 3433 1088 3506 σούς
1120 3434 1383 3509 Λακεδαιμονίους
1414 3434 1510 3511 ἱέναι,

319 3543 443 3614 τούτους
471 3538 568 3626 (mule
592 3560 631 3604 ex
655 3537 677 3602 S
700 3545 863 3623 receptum
884 3539 968 3618 τοὺς)
989 3539 1045 3616 μὲν
1066 3541 1109 3617 μη
1131 3539 1352 3618 προσδέξασθαι
1374 3541 1439 3624 (καί
1459 3541 1511 3607 διά

319 3648 402 3715 τοῦθ’
427 3645 498 3726 ὅπερ
522 3642 556 3720 ἦν
591 3642 753 3709 ύπθλοιπον
778 3646 882 3717 αὐτοῖς
906 3651 987 3710 ’elil
1014 3634 1172 3721 Θηβαίους
1198 3639 1284 3717 ἦλθον
1309 3647 1373 3711 κσὲ.
1420 3647 1512 3714 Men-

320 3757 434 3821 dosum
466 3757 514 3816 est
540 3751 590 3814 ἐπί
617 3748 775 3827 Θηβαίους
801 3744 899 3820 ἦλθον.
950 3747 1130 3816 Sexcenties
1154 3752 1231 3816 ίίναι
1258 3751 1311 3816 ίπί
1333 3776 1402 3816 τινα
1427 3754 1512 3838 opud

320 3881 429 3928 omnes
459 3856 581 3944 legitur
604 3853 785 3943 significuus
809 3877 932 3940 semper
954 3856 1039 3920 idem
1064 3859 1202 3938 appredi,
1226 3859 1343 3922 adoriri
1364 3860 1510 3944 aliqum,

319 3969 353 4031 θα
377 3965 505 4050 aliquem
529 3963 664 4045 impetum
686 3963 805 4041 secere,
829 3965 921 4026 utin
944 3961 1003 4027 hee
1027 3965 1096 4048 ipsa
1119 3967 1258 4029 oratione
1280 3985 1352 4052 pag.
1380 3964 1456 4030 204.
1478 3964 1510 4030 3.

320 4072 438 4144 ταύτην
468 4067 506 4133 άν
535 4065 641 4132 ἕλωσιν
675 4067 756 4131 ίασιν
789 4068 839 4132 ἐπί
869 4068 1049 4141 Μεσσήνην.
1079 4075 1110 4134 et
1143 4071 1179 4133 in
1200 4070 1260 4134 hoe
1282 4073 1351 4155 ipso
1374 4070 1442 4137 loeo
1459 4072 1509 4136 ε’πί

319 4177 389 4248 τοὺς
425 4174 687 4250 Λακεδαιμονίους
721 4173 809 4238 ἱέναι.
856 4172 931 4238 Dici
965 4179 1070 4258 potest
1106 4176 1176 4251 πρὸς
1214 4175 1390 4253 Θηβαίους,
1424 4178 1509 4258 παρά

322 4283 500 4362 Θηβαίους,
533 4283 571 4352 ὡς
606 4280 781 4358 Θηβαίους,
814 4279 868 4344 sed
900 4279 948 4344 ε’πί
983 4279 1140 4358 Θηβαίους
1172 4302 1208 4347 eo
1239 4303 1331 4346 sensu
1362 4283 1425 4348 diui
1447 4305 1510 4350 non

321 4395 434 4477 potest.
