3356 5086
729 327 793 398 307

161 523 334 584 annotatur
355 518 395 584 sd
419 528 458 584 A.
485 517 561 583 365.
586 519 620 584 τέ
651 517 755 584 ύνύω
779 517 956 599 Φυλακτέον
980 517 1029 584 ἐπὶ
1054 523 1107 585 τού
1132 521 1228 585 αὐτοῦ
1252 515 1350 586 πύνου.

161 621 271 697 ε’νεςως
300 624 362 705 γάρ
386 625 449 691 έςιν
474 623 543 690 ἀντὶ
565 623 732 703 μέλλοντος
757 629 790 688 et
812 625 852 690 ad
875 634 912 688 Τ.
938 624 1013 690 452.
1038 624 1127 690 τὸδὲ
1158 625 1260 691 ύνύω
1291 626 1354 704 βα·

160 732 289 809 ρυτύνως
314 727 517 808 ύναγνωςέον.
545 725 590 796 έτι
615 729 677 812 γαρ
701 731 807 802 ένεςὼς
832 730 900 796 αντὶ
925 731 1103 807 μέλλοντος.

207 835 301 903 liisd.
326 847 363 903 Χ.
390 835 444 904 67.

526 941 612 1013 κύνει
628 979 669 992 -
684 941 805 1020 cenent
830 943 978 1024 έρύουσιν,

162 1052 180 1126 ἡ
201 1048 296 1123 διπλῆ
316 1043 362 1113 ύτι
382 1045 487 1131 χρύνοι
509 1046 666 1122 ἤλλακται
688 1049 757 1112 ἀντὶ
778 1052 831 1114 τοῦ
856 1049 1074 1130 έρύσουσιν.
1099 1049 1212 1137 Odyss.
1226 1059 1260 1114 Z.
1277 1045 1352 1116 1¹74.

863 1157 895 1220 ού
919 1156 982 1236 γαρ
1006 1157 1054 1222 δέω

323 1259 476 1326 παύσεσθ’
502 1261 577 1324 ἀλλ’
601 1258 645 1325 έτι
671 1260 775 1325 πολλὰ
801 1261 858 1324 ύεοὶ
883 1259 1020 1326 τελέουσι
1045 1261 1193 1343 ποέροιύεν.

162 1373 350 1434 annotetur:
373 1365 593 1431 πελέσουσιν
618 1368 660 1438 sic
683 1371 718 1431 τέ
741 1365 925 1444 μετέπειτα.
951 1367 990 1432 od
1013 1366 1103 1434 iliad.
1128 1378 1166 1432 Π.
1195 1363 1271 1431 129.
1294 1363 1354 1441 ἐγὼ

162 1473 196 1538 δέ
229 1499 264 1537 κε
294 1473 371 1537 λαὸν
400 1473 515 1551 οὶγεέρω
548 1471 689 1536 scholion
716 1479 781 1537 est:
808 1473 912 1546 ένεςύο
938 1473 1093 1552 σκμαένων
1116 1471 1285 1550 μέλλοντα.
1312 1506 1354 1518 -

163 1575 242 1645 οὕτω
262 1577 315 1644 καὶ
337 1578 372 1642 τὸ
396 1577 591 1659 ἐρύουσιν.
616 1573 709 1650 ούτως
730 1577 761 1644 δέ
782 1577 834 1643 καὶ
857 1577 1051 1662 Ἀρέςαρχσι.
1078 1578 1191 1668 Odyss.
1211 1587 1256 1644 Μ.
1277 1573 1354 1643 383.

350 1685 376 1748 εἰ
399 1681 432 1748 δέ
455 1707 506 1760 μοι
531 1684 564 1748 ού
587 1682 703 1749 τίσουσι
728 1685 807 1762 βοῶν
830 1687 954 1751 ἐπιεικέ’
978 1687 1126 1765 οἱμοιβιέν,

351 1789 481 1867 δύσομαι
507 1791 550 1861 εἰς
574 1789 682 1855 Ἀΐδαο
708 1789 759 1854 καὶ
786 1789 815 1854 έν
839 1791 977 1856 νεκύεσσι
1000 1792 1128 1873 φαείνω.

166 1897 325 1964 scholion:
351 1894 385 1960 τύ
410 1896 566 1976 φαείνω
590 1894 732 1967 ένεςιῖιτύς
757 1897 818 1964 έςιν
843 1897 910 1961 οὶντὶ
934 1903 987 1962 τοῦ
1012 1897 1189 1974 μέλλοντος.

212 2002 425 2068 Vehementer
445 2003 544 2065 miror
562 2001 784 2066 Aristarchum
804 2022 928 2086 quoque
946 2006 979 2066 in
998 2003 1058 2068 hoc
1078 2005 1233 2088 opinionis
1253 2023 1356 2068 errore

168 2129 235 2174 esse
265 2114 428 2174 versatum
461 2113 499 2171 ut
529 2106 668 2171 crederet
700 2112 731 2171 et
753 2126 810 2191 pro
823 2107 939 2191 futuro
962 2113 1103 2194 tempore
1120 2130 1262 2191 ρπαειονιι
1284 2108 1357 2172 sub·

168 2217 260 2278 stitui
280 2233 390 2298 posse,
410 2217 442 2277 et
460 2211 533 2277 illas
553 2211 669 2277 formas
682 2212 853 2296 praesentis
875 2216 1028 2298 temporis
1051 2232 1131 2278 esse:
1153 2213 1207 2278 sed
1231 2213 1358 2278 disertis

168 2320 342 2385 Aristonici
367 2323 399 2383 et
421 2316 597 2383 Herodiani
620 2320 813 2383 testimoniis
836 2317 964 2384 difficile
986 2323 1118 2383 estnon
1141 2319 1275 2384 credere.

213 2423 251 2487 In
274 2423 422 2488 omnibus
444 2424 495 2488 his
519 2423 630 2488 formis
653 2423 766 2511 lingna
785 2422 958 2489 Homerica
976 2425 1015 2489 sd
1036 2428 1190 2490 amussim
1211 2446 1285 2490 cum
1304 2446 1357 2491 ve·

167 2535 235 2595 tere
265 2531 372 2594 Attica
402 2528 538 2594 dialecto
567 2531 734 2613 conspiret.
782 2528 818 2593 In
851 2530 967 2614 quibus
997 2530 1103 2595 verbis
1135 2538 1245 2594 enon
1270 2533 1303 2594 in
1328 2537 1356 2593 H

168 2635 367 2721 producitur,
389 2637 417 2698 si
435 2640 484 2699 est
502 2633 755 2719 antepenultima
776 2635 879 2718 ίοαρο,
901 2643 924 2698 c
943 2637 976 2698 in
997 2633 1104 2699 futuro
1122 2655 1185 2700 non
1209 2635 1357 2720 eliditur,

169 2748 206 2806 ut
233 2743 268 2805 in
299 2739 519 2823 ἐπαινέσομαι,
550 2739 731 2823 αἱδέσομαι,
767 2741 905 2818 οὶρκέσω,
941 2738 1062 2804 νεικέσω
1097 2745 1129 2805 et
1163 2740 1357 2825 ύχύέσομαι,

170 2867 306 2931 quorum
333 2846 491 2910 αἰδέσεται
515 2851 547 2911 et
572 2845 692 2909 νεικέσω
716 2851 748 2910 ct
770 2844 890 2924 οέρκέσει
912 2845 1086 2911 Homerica
1108 2850 1192 2910 sunt.
1241 2842 1360 2911 Contra

169 2954 227 3019 ubi
249 2951 355 3017 brevis
380 2956 428 3016 est
451 2949 721 3036 antepenultima,
748 2959 770 3014 c
792 2950 899 3034 nbz'qne
921 2971 1049 3015 summa
1070 2953 1247 3018 constantis
1264 2952 1358 3016 omit

169 3060 259 3123 titur.
307 3064 425 3134 Γαμεῑν
448 3055 545 3121 habet
568 3056 715 3120 futurum
740 3055 851 3134 γαμέω
875 3055 967 3122 Hisd.
993 3066 1017 3121 I.
1043 3054 1119 3121 388.

352 3163 457 3240 κούρην
480 3162 507 3226 δ’
530 3162 562 3225 ού
587 3160 729 3238 γαμέω
754 3160 987 3240 Ἀγαμέμνονος
1012 3163 1187 3243 Ἀτρεΐδαο.

170 3275 201 3334 et
225 3290 271 3336 vs
297 3267 372 3334 391.
399 3267 465 3332 ούδέ
487 3290 540 3344 μιν
564 3260 602 3339 ὦς
626 3264 749 3343 γαμέω.
774 3274 806 3332 et
829 3265 943 3354 Odyss.
971 3275 1011 3333 Ο.
1036 3266 1111 3332 522.

791 3373 922 3450 μέμονέν
944 3399 980 3439 σε
1003 3373 1129 3450 μύλιςα

350 3479 459 3560 μητέρ’
483 3479 559 3556 έμέιν
582 3477 717 3557 γαμέειν
740 3475 793 3541 καὶ
819 3478 987 3554 Ὀδυσσῆος
1011 3478 1107 3559 γέρας
1131 3477 1220 3557 έξειν.

215 3595 327 3652 Τελεῖν
350 3587 448 3653 habet
471 3586 624 3652 futurum
642 3584 754 3664 τελέω,
780 3585 929 3662 ἐκτελέω,
954 3584 1112 3650 τελέεσύαι
1138 3586 1197 3651 oi.
1245 3584 1359 3672 Odyss.

171 3704 205 3758 B.
230 3692 305 3758 256.
991 3698 1005 3726 ‘

487 3800 587 3863 τελέει
614 3797 640 3862 δ’
664 3798 727 3862 itin
752 3798 862 3863 ούποτε
887 3799 1014 3872 ταύτην.

218 3905 328 3992 Odyss.
355 3915 391 3970 Σ.
416 3901 491 3968 388.

486 4005 504 4083 ἦ
527 4008 620 4091 τύχα
644 4033 687 4073 τοι
713 4007 838 4074 τελέω
863 4009 968 4075 κακύν.

219 4116 328 4202 Odyss.
356 4127 395 4179 Δ.
423 4113 499 4180 664.

486 4222 596 4299 φαμεν
619 4221 652 4286 δέ
676 4222 701 4286 οἱ
725 4225 757 4286 ού
781 4220 1010 4288 τελέεσθαι.

220 4327 329 4413 Odyss.
357 4339 395 4393 Ψ.
422 4325 500 4392 284.

418 4435 459 4497 roi
485 4434 515 4498 δέ
541 4457 591 4510 μοι
616 4433 702 4514 φύπο
727 4431 835 4498 πύνπα
857 4434 1082 4500 τελεῖσθαι.
