3296 5104
719 325 762 398 tt

180 519 265 603 Quis
288 520 395 588 credat
418 541 527 608 regem
549 519 739 607 Philippum
763 520 1010 588 Atheniensibus
1028 521 1110 588 bane
1128 518 1328 588 historiolam

129 630 173 694 de
208 629 452 695 Anthemocrito
481 627 541 693 tali
571 633 714 712 tempore
741 629 822 694 serio
844 648 985 694 narrasse
1009 633 1046 694 ut
1068 629 1245 694 ostenderet
1268 631 1326 693 im·

128 738 231 820 pium
262 741 294 798 et
323 731 513 798 sceleratum
537 753 603 800 esse
626 733 748 798 facinus
770 739 1005 800 sacrosanctum
1027 732 1186 800 Faciclem
1209 733 1329 801 violare

130 845 195 905 aut
218 835 354 906 necare?

181 945 353 1012 Praeterea
379 965 398 1010 a
420 943 551 1010 Reislsio
573 948 679 1032 accipe
704 941 879 1023 ὑπθμνιςμΑ
903 967 959 1034 pro
984 947 1203 1023 ὑπομνήματα.
1251 945 1328 1014 Din-

132 1049 258 1117 dorfiua
288 1049 458 1136 vulgatam
489 1053 623 1116 retinuit
652 1052 767 1114 cimilia
790 1053 920 1136 coempta
944 1075 1004 1117 ease
1027 1053 1143 1118 dicens.
1192 1051 1227 1116 Si
1250 1050 1328 1117 locis

133 1157 322 1241 depravatis
353 1157 414 1220 crit
445 1155 653 1233 credendum,
687 1157 725 1224 de
755 1165 886 1224 naturae
909 1161 1043 1224 veritate
1068 1163 1100 1224 et
1122 1156 1330 1242 simplicitate

133 1277 249 1328 actum
273 1267 330 1328 est.
367 1261 473 1347 Negat
495 1282 571 1326 sana
590 1263 688 1339 ratio,
713 1261 788 1328 libri
807 1265 898 1328 aiunt
905 1284 913 1341 ;
938 1265 1002 1328 utri
1019 1264 1159 1340 creditis,
1176 1261 1332 1344 Quirites?

183 1365 350 1434 Contraria
381 1386 484 1434 errore
513 1373 681 1453 peceatum
704 1375 752 1434 cst
774 1369 859 1454 apud
881 1369 1130 1436 Demosthenem
1152 1390 1225 1458 pag.
1252 1367 1329 1435 616.

138 1471 195 1538 18.
228 1480 288 1538 τῶν
318 1471 412 1554 ἓργαν
444 1471 483 1538 ὦν
515 1471 691 1552 θπθμννμΑ
716 1473 793 1550 ἦσαν
821 1477 847 1540 σι’
872 1475 1011 1557 ςέφανσν.
1060 1475 1180 1542 Addita
1201 1473 1332 1541 liternla

137 1579 362 1646 scribendum:
387 1575 426 1646 ὧν
449 1581 667 1660 θπσμννὶμΑΤ’
693 1578 770 1656 ἦσαν
794 1582 819 1647 ol
844 1581 985 1664 ςὲφανσν.

184 1822 266 1912 Pag.
291 1821 367 1888 160.
395 1822 427 1888 2.
452 1823 504 1888 καί
530 1824 593 1902 γὰρ
614 1819 666 1887 θσε
690 1827 829 1904 Φανερῶς
853 1823 1054 1906 διεφερόμεθα
1079 1825 1176 1906 λινε-εὶς
1202 1823 1331 1902 ἐξεπέμ-

138 1953 237 2004 πετε,
279 1929 360 2018 [καί]
399 1931 469 2002 τοὺς
503 1931 655 2002 πλέοντας
689 1933 726 2002 ὥς
764 1932 846 2008 ἡμᾶς
883 1931 1049 2003 ἐπωλεῖτε,
1085 1939 1148 2002 ταῖς
1183 1930 1328 2003 ἐναντίαις

139 2035 314 2114 ἐβοηθεῖτε,
345 2037 401 2109 τὴν
423 2039 527 2116 χώραν
550 2061 609 2114 μιν
634 2043 735 2108 κακῶς
759 2037 902 2103 ἕπσιείσε.
949 2038 1016 2103 Aut
1038 2036 1156 2121 ubique
1179 2041 1235 2101 aut
1257 2055 1329 2100 nus-

139 2163 236 2228 quam
260 2145 315 2207 καί
336 2143 610 2228 interponendum.

185 2249 289 2331 Quam
312 2251 460 2334 ineptum
482 2254 530 2314 est
553 2248 591 2314 dc
612 2247 709 2335 longo
733 2253 765 2313 ct
787 2248 1015 2314 molestissimo
1034 2246 1118 2314 bello
1137 2247 1256 2312 dicere:
1275 2242 1325 2311 θσε

139 2361 278 2438 φανερῶς
303 2353 516 2436 διεφερόμεθα.

183 2599 263 2690 Peg.
296 2595 371 2661 160.
396 2593 428 2661 8.
453 2595 524 2678 πρδς
548 2595 599 2661 σὸν
623 2595 739 2676 [ίὲρσνν
763 2594 907 2675 πρέσβεις
931 2593 1140 2665 θπεςθλκαπε
1164 2594 1326 2670 πείσαντας

140 2707 232 2772 αὐτὸν
264 2703 331 2783 ἐμαί
364 2709 523 2782 πολεμεῖν.
557 2706 589 2766 et
618 2706 690 2787 post
720 2718 837 2788 pauca:
868 2706 1008 2766 πεσοῦσαν
1039 2701 1110 2779 ὑμῖν
1134 2702 1249 2781 περίεςι
1272 2707 1326 2767 τοῦ

139 2813 211 2893 πρὸς
235 2809 291 2889 ἐμὲ
315 2809 423 2887 μίσους
447 2805 504 2876 ἔθεε
528 2807 600 2887 πρδς
625 2809 735 2872 ἐκεῖνον
760 2806 943 2886 διαλέγεσθε
966 2807 1032 2886 περὶ
1055 2813 1111 2880 τῆς
1135 2808 1323 2888 ἐπιμαχίας.

138 2915 313 2984 Verissima
335 2915 414 2981 baec
437 2918 512 2979 sunt
535 2919 567 2979 et
589 2935 607 2979 a
631 2913 835 2999 Theopompo
858 2918 975 2978 sumta.

183 3025 256 3111 Ipso
287 3019 501 3089 Demosthene
532 3025 658 3086 auctore
692 3021 738 3105 (in
768 3020 851 3085 Phil.
883 3017 940 3084 III.
964 3038 1036 3104 pag.
1065 3017 1137 3083 129.
1166 3018 1221 3104 10)
1246 3040 1327 3087 anno

139 3131 253 3197 abhinc
289 3131 383 3194 tertio
417 3127 521 3214 legati
554 3126 594 3192 ad
628 3146 737 3213 regem
768 3125 939 3190 Pomorum
968 3125 1060 3189 missi
1089 3131 1173 3190 sunt.
1220 3125 1328 3192 Movit

138 3257 247 3324 regem
277 3233 459 3320 legatorum
491 3233 591 3296 oratio
622 3237 654 3296 et
685 3229 829 3315 Satrapis
857 3249 929 3295 orac
951 3231 1133 3295 maritimae
1155 3231 1327 3316 imperavit

139 3347 176 3406 ut
197 3339 371 3406 Perintbiis
395 3359 413 3402 a
436 3335 587 3422 Philippo
611 3337 745 3402 obsessis
769 3335 1010 3421 opitularentur.

184 3445 247 3514 Sed
279 3450 327 3512 est
357 3444 478 3509 vitium
500 3445 534 3506 in
558 3444 663 3509 verbis
686 3443 867 3521 διαλέγεσθε
893 3442 1038 3521 περὶτῆς
1064 3443 1252 3523 ἐπιμαχίας.
1289 3442 1326 3508 Ιιι

139 3593 228 3660 libris
261 3598 309 3660 est
340 3592 406 3672 περί
430 3599 486 3664 τῆς
509 3591 754 3671 ίπισυμμαχίας
777 3596 891 3656 uatum
914 3610 954 3655 ex
978 3545 1166 3669 ilrllcaxlac.
1202 3589 1239 3655 In
1261 3613 1326 3659 uno

139 3698 254 3768 Codice
284 3703 439 3766 corrector
469 3698 647 3780 ἐπιμαχίας
673 3697 865 3763 emendavit.
910 3695 1009 3762 Raeto
1032 3696 1160 3782 quidem
1184 3699 1327 3784 quisquis

139 3813 200 3888 ast;
232 3806 288 3874 sed
315 3807 431 3870 vitiose
458 3803 599 3868 abundat
621 3801 775 3868 articulus
796 3805 831 3867 in
855 3803 920 3883 περί
945 3811 1032 3867 THC
1054 3801 1245 3882 ἐπιμαχίας.
1279 3804 1328 3870 Ex

138 3917 207 3999 ipsa
236 3915 284 3978 roi
313 3915 428 3976 natura
458 3913 626 3994 postquam
657 3907 784 3985 foedus,
816 3911 964 3986 societas,
997 3928 1060 3994 pax
1082 3911 1258 3994 composita
1280 3916 1328 3976 est

140 4018 340 4105 appellantur
363 4017 396 4079 αί
419 4015 566 4092 σπονδαί,
592 4014 624 4079 αθ
649 4015 811 4091 συνθῆκαι,
837 4015 853 4090 θ
878 4014 1075 4093 συμμαχία,
1102 4016 1118 4087 θ
1145 4015 1324 4097 ἐπνμαχία,

141 4125 157 4199 ἦ
181 4123 300 4203 εἰρήνη,
328 4121 381 4188 sed
406 4122 483 4188 dum
509 4123 547 4188 de
570 4142 647 4208 pace
670 4121 764 4186 etde
787 4123 918 4186 cacteris
942 4123 1050 4208 agitur
1072 4121 1191 4186 incerto
1211 4127 1328 4188 eventu

140 4230 257 4296 dieitur
288 4226 489 4306 διαλέγεσθαι
518 4228 585 4307 περί
610 4228 744 4305 εἰρήνης,
770 4227 837 4306 περί
861 4227 1008 4301 σπονδῶν,
1033 4224 1099 4304 περὶ
1124 4228 1327 4307 συμμαχίας.

140 4334 370 4422 Exemplorum
393 4334 487 4420 plena
509 4341 584 4402 sunt
606 4337 724 4401 omnia.
772 4333 897 4400 Vitium
922 4331 981 4398 alit
1002 4329 1090 4396 locus
1110 4331 1331 4420 Aristophanis

141 4442 172 4506 in
197 4441 322 4528 lpaictr.
349 4437 425 4506 983.
