3296 5104
878 309 923 376 24

305 498 461 582 impostor
493 500 673 585 descripsit:
705 495 747 571 οἷς
779 499 841 578 γὰρ
871 497 953 567 οὖσιν
977 500 1131 584 ὑμετέροις
1156 498 1223 579 ἔχει
1248 497 1363 571 τούτοις
1388 497 1519 562 πάντα

306 597 417 668 τᾶλλα
447 607 588 684 βεβαίως
620 607 779 680 κέκτηται.
827 604 881 672 Sic
912 612 960 670 est
990 609 1024 671 in
1055 610 1177 692 optimo
1207 603 1248 670 S:
1278 608 1312 670 in
1334 603 1519 670 nonnullis

307 708 380 774 aliis
401 712 551 776 scribitur
570 711 637 791 ἔχει
656 712 789 791 χρῆσθαι
809 711 862 779 vel
881 709 948 793 ἔχει
967 713 1161 792 χρίσασθαι,
1177 711 1261 796 quod
1280 712 1363 777 unde
1383 717 1518 777 natum

306 818 350 880 sit
381 825 518 902 apparet.
567 818 743 884 Molestum
765 820 898 900 χρῆσθαι
923 821 976 883 cui
1000 819 1151 884 debeatur
1172 817 1305 904 planum
1329 823 1386 882 est.
1433 817 1517 882 Mi-

306 925 395 986 ratus
416 922 587 990 homuncio
610 924 687 1009 quid
711 934 792 989 esset
815 916 858 996 οίς
882 919 962 989 οὖσιν
988 924 1139 1004 ὑμετέροις
1160 921 1228 1004 ἔχει
1249 923 1421 992 τούτοις-
1434 944 1514 988 non

306 1027 469 1094 intellecta
491 1033 677 1096 attractione
699 1033 806 1116 pueris
828 1035 903 1097 nota
925 1023 1108 1116 proritare
1131 1029 1264 1109 ὑμέτερα
1285 1027 1368 1113 ἔχει,
1388 1030 1425 1093 dc
1444 1051 1514 1092 suo

305 1137 438 1210 χρῆσθαι
463 1136 586 1201 addidit
593 1158 601 1215 ;
626 1139 773 1221 potuitne
795 1137 955 1202 indoctius
979 1143 1011 1202 et
1034 1133 1196 1223 ineptius?

351 1240 461 1326 Aequo
484 1245 592 1307 animo
613 1242 673 1308 hoc
696 1263 820 1328 quoque
842 1244 918 1308 ferri
938 1247 1037 1328 possit
1059 1245 1094 1307 in
1112 1243 1253 1308 oratione
1270 1244 1377 1326 spuria
1396 1262 1509 1326 quum

307 1345 391 1428 apud
420 1349 527 1431 ipsum
558 1346 806 1414 Demosthenem
833 1370 908 1415 vera
932 1355 964 1415 et
987 1352 1127 1437 genuina
1149 1348 1245 1415 lectio
1268 1347 1404 1412 feliciter
1426 1367 1509 1413 eva-

306 1452 392 1514 serit.
440 1451 504 1518 Sed
526 1453 624 1518 multi
649 1453 705 1518 alii
728 1457 762 1518 in
785 1457 906 1540 optima
929 1476 1052 1541 quaque
1073 1457 1214 1520 oratione
1234 1457 1419 1539 supersunt,
1440 1453 1508 1518 ubi

305 1556 340 1618 in
364 1565 510 1644 corrupta
527 1561 684 1644 scriptura
702 1581 793 1625 mens
812 1566 844 1626 et
864 1564 1021 1627 sententia
1039 1560 1262 1626 Demosthenis
1283 1558 1368 1626 male
1389 1563 1504 1644 periit.

306 1659 378 1727 Non
414 1669 461 1728 est
494 1665 577 1729 mihi
610 1664 705 1753 longe
739 1668 929 1732 abeundum.
983 1665 1140 1733 Continuo
1175 1669 1332 1751 sequitur:
1371 1667 1395 1729 εῖ
1433 1665 1504 1745 γὰρ

308 1763 506 1847 Ἀμφίπολιν
538 1771 591 1835 καί
624 1773 790 1838 Ποτίδαιαν
823 1783 941 1853 προεῖτο
972 1774 1032 1839 οὐδ’
1063 1773 1101 1840 rio
1134 1771 1205 1839 οίιιοι
1232 1773 1331 1850 με’νειν
1355 1771 1503 1849 βεβαίως

307 1873 425 1950 ἡγεῖτο.
471 1874 688 1961 Depravatum
719 1884 767 1944 est
796 1881 903 1957 ἡγεῖτο
927 1884 959 1944 et
981 1880 1057 1945 hinc
1080 1880 1119 1945 dc
1142 1882 1300 1946 sententia
1322 1878 1500 1944 verborum

306 1983 354 2042 est
385 1985 503 2046 actum.
549 1981 692 2050 Emenda
724 1987 860 2063 ἡρεῖτλῐ
892 1991 924 2052 et
952 1991 1036 2051 reate
1059 2007 1093 2051 se
1115 1985 1279 2050 habebunt
1301 1987 1419 2049 omnia.
1442 1986 1499 2048 οὐκ

307 2082 345 2148 ov
377 2087 501 2162 ἡγεῖται
532 2087 603 2153 οίκοι
635 2091 736 2168 μένειν
758 2092 900 2171 βεβαίως
923 2093 948 2156 εί
975 2091 1172 2174 Ἀμφίπολιν
1198 2098 1334 2170 προεῖτο,
1359 2096 1397 2154 ut
1420 2111 1499 2178 pag.

308 2188 362 2254 69.
394 2191 448 2258 26.
482 2195 533 2259 οὐκ
565 2194 604 2260 διν
636 2200 773 2275 ἡγοῦμαι
807 2200 961 2263 Φίλιππον
993 2199 1017 2261 εί
1049 2198 1092 2262 τοδ
1125 2205 1230 2278 πρῶτα
1252 2195 1392 2275 βιασθεὶς
1414 2193 1498 2261 ἄκων

307 2294 437 2377 ἔπραξεν
472 2339 512 2349 --
543 2309 678 2384 συνεχῶς
710 2305 929 2369 ε’ναντιοῦτίοιι.
964 2309 997 2367 et
1027 2302 1118 2367 mille
1141 2301 1203 2367 loci
1226 2308 1300 2366 sunt
1322 2303 1377 2367 ubi
1401 2301 1496 2379 δοκῶ,

308 2405 467 2482 ἡγοῦμαι,
500 2406 618 2488 οίομαι,
644 2408 771 2496 νομίζω,
801 2409 1033 2488 ὑπολαμβάνω,
1059 2407 1191 2487 ἐλπίζω,
1217 2408 1366 2486 προσδοκῶ
1391 2409 1498 2473 ethis

308 2510 428 2576 similia
450 2512 568 2580 habent
590 2515 788 2583 infinitivum
811 2538 886 2582 curn
910 2513 948 2578 ίιν
972 2517 1188 2581 coniunctum.
1236 2513 1356 2580 Tamen
1377 2515 1499 2579 indocti

308 2623 340 2681 et
368 2620 511 2703 imperiti
542 2631 730 2688 correctores
759 2625 878 2708 passim
903 2619 941 2684 ria
965 2643 1040 2686 cum
1063 2621 1159 2687 verbo
1183 2618 1272 2685 finito
1295 2621 1495 2708 iungendum

307 2742 373 2788 esse
396 2727 517 2809 opinati
541 2731 678 2806 ἠγοῦμαι
702 2731 752 2814 (ut
774 2729 834 2793 hoo
857 2726 941 2814 utar)
962 2730 997 2791 in
1018 2727 1156 2804 ἡγούμην
1176 2724 1274 2791 stulte
1291 2733 1495 2803 convertunt,

308 2836 363 2894 aut
385 2832 480 2905 δοκεῖς
504 2836 538 2898 in
561 2836 677 2912 δοκοῖς,
699 2835 837 2912 roseln,
862 2834 968 2916 δοκῇς,
995 2833 1105 2900 ἐδόκεις
1130 2832 1300 2916 depravere
1322 2832 1440 2909 solent,
1462 2836 1496 2896 ut

306 2935 338 3000 h.
362 2937 385 3001 l.
410 2939 471 3004 οὐδ’
496 2939 533 3005 δον
557 2941 627 3006 οίιιοι
652 2939 753 3016 μένειν
776 2939 917 3017 βεβαίως
939 2943 1060 3017 ἡγεῖτο
1081 2959 1138 3023 pro
1157 2941 1295 3015 ἡγεῖται.
1333 2937 1496 3003 Sententia

307 3045 392 3107 enim
427 3048 595 3112 manifesto
629 3047 707 3112 haec
740 3051 806 3111 est:
841 3046 1001 3129 Philippus
1033 3062 1208 3110 nxrsrrnsr
1238 3044 1266 3107 ri
1296 3045 1496 3129 Amphipolim

307 3150 422 3214 ιιιὶιοοιιι
444 3154 569 3238 faceret
596 3175 628 3216 ac
658 3175 695 3216 ιιο
725 3153 758 3216 ιἰι
782 3151 962 3216 Macedonio
992 3150 1108 3236 quidem
1139 3155 1201 3213 tcto
1228 3167 1358 3214 nsnnnn
1381 3168 1494 3228 Possit,

308 3277 408 3341 quum
437 3258 571 3345 vulgata
602 3258 698 3323 lectio
729 3256 889 3344 significet
918 3280 955 3320 nc
985 3255 1064 3320 domi
1091 3255 1207 3340 quidem
1230 3278 1261 3319 ιο
1283 3263 1346 3320 toto
1368 3274 1496 3322 nonnos

306 3380 532 3440 nxmrnnnnr,
552 3385 680 3449 prorsus
691 3385 836 3448 perverse
860 3369 893 3428 et
916 3369 1025 3428 contra
1048 3360 1271 3427 Demosthenis
1294 3365 1494 3427 sententiam.

306 3467 420 3533 Fertur
451 3474 559 3534 tamen
581 3469 732 3534 mendosa
754 3467 849 3534 lectio
878 3471 912 3534 in
938 3467 1070 3532 omnibus
1097 3466 1188 3532 libris
1216 3469 1283 3532 sine
1310 3465 1378 3532 ulla
1396 3470 1496 3534 varie

309 3579 383 3638 tate.

352 3679 564 3765 Inspiciamus
585 3701 669 3746 nunc
692 3681 827 3747 eundem
849 3680 955 3746 locum
980 3700 1053 3767 pag.
1082 3677 1157 3744 134.
1183 3679 1236 3744 22.
1262 3681 1301 3746 ab
1325 3682 1495 3766 impostore

307 3784 471 3861 αὐτολεξεί
500 3787 710 3871 descriptum:
742 3789 767 3852 εί
799 3788 861 3866 γὰρ
892 3787 1087 3868 Ἀμφίπολιν
1112 3823 1154 3834 -
1175 3795 1292 3865 προεῖτο
1317 3784 1379 3850 οὐδ’
1404 3784 1443 3851 ov
1467 3787 1495 3850 ἐν

307 3893 484 3973 Μακεδονίᾳ
519 3891 617 3968 μένειν
653 3895 806 3975 οὶτφαλῶς
843 3896 1073 3957 ἘΔΎΝΑΤΟ.
1128 3890 1191 3957 Pro
1227 3891 1352 3956 ἐδύνατο
1387 3911 1496 3956 omnes

306 3995 381 4064 libri
404 3998 554 4062 exhibent
573 4002 696 4076 ἡρεῖτο,
722 4003 845 4084 prester
867 4000 896 4063 A
919 4003 951 4063 et
973 3997 996 4062 S
1020 3999 1075 4062 ubi
1100 3998 1225 4064 ἐδύνατο
1250 4000 1405 4082 scriptum
1428 4003 1493 4075 est,

306 4125 386 4189 quae
408 4104 503 4169 lectio
526 4107 559 4170 in
583 4104 608 4168 F
631 4125 687 4189 pro
709 4107 798 4169 raris
822 4107 978 4189 scriptura
1002 4104 1040 4169 ad
1064 4107 1169 4181 ἡγεῖτο
1188 4106 1366 4189 apponitur.
1402 4103 1494 4169 Nunc

223 4291 227 4299 Ι
304 4209 543 4293 interpolatores
574 4211 623 4272 ἐπ’
655 4207 821 4290 αὐτοφώρῳ
856 4215 1010 4275 tenemus.
1058 4209 1179 4274 llodem
1211 4211 1368 4294 opinionis
1393 4229 1494 4274 errore

304 4335 361 4400 pro
392 4317 527 4392 ἦνεῖτλῐ
558 4315 641 4380 alins
672 4320 790 4380 temere
823 4316 927 4392 ἡγεῖτο
959 4318 1142 4401 supposuit,
1174 4314 1256 4380 alius
1283 4319 1373 4401 peius
1396 4319 1493 4381 etiam

305 4421 431 4490 ἐδύνατο
454 4423 633 4508 rescripsit,
657 4425 790 4505 uterque
814 4424 988 4487 sententiae
1015 4441 1153 4488 securus.
