3348 5086
878 268 943 340 392

342 462 520 552 Didymus:
554 463 771 546 ἐνέπρησεν
800 463 957 545 Φιλύξενοτ
981 466 1033 532 καί
1061 464 1258 548 Ἀρίςαρχος.
1284 464 1350 546 περί
1376 465 1408 530 δὲ
1432 473 1486 541 τῆς

299 580 425 655 γραφῆς
459 570 643 651 Ἀρίςαρχος
676 571 705 635 ἕν
737 569 935 649 ύπομνιίματι
968 571 1063 652 φησίν
1095 571 1205 646 οὕτως·
1240 572 1294 649 „rb
1318 567 1402 650 αἷμα
1426 571 1489 637 abab

298 685 352 745 τοῦ
373 675 491 755 ἥπατος
511 675 656 758 ἐκρούνιζε
675 677 774 756 χύδην
793 676 845 741 καί
863 677 915 743 τὸν
932 681 986 743 τοῦ
1002 685 1131 761 χιτῶνος
1144 679 1259 744 κόλπον
1272 679 1490 761 ἒνεΦύσησεν.”

343 889 402 956 usa
423 909 536 976 operae
557 887 698 973 pretium
722 887 943 954 Aristarchum
969 888 1078 954 audire
1102 889 1143 954 ad
1163 887 1254 954 Iliad.
1280 897 1327 954 Ω.
1352 887 1385 954 8.

595 992 745 1072 ιἰλεγεινοί
770 1019 806 1059 τε
829 994 959 1073 κύματα
983 1003 1159 1060 ΠΘῙΡΩΝ.

344 1101 530 1183 Ἀρίςαρχοι
553 1099 693 1180 βαρύνων
715 1100 919 1178 ἀναγινώσκει
944 1101 1079 1185 (πείρων)
1102 1103 1141 1173 ὡς
1166 1101 1279 1184 κείρων.
1303 1101 1384 1184 φησὶ
1416 1107 1494 1179 γοῦν

299 1203 375 1272 οὕτω
399 1205 562 1286 γἐνύμενοο
588 1205 637 1272 ἐπί
661 1212 733 1273 τοῦ·

299 1313 455 1396 παννυχίη
488 1311 544 1391 μέν
575 1311 601 1394 ῥ’
627 1310 685 1392 ἥγε
710 1313 763 1377 καί
788 1315 828 1390 ἠῶ
853 1321 937 1395 πεῖρε
961 1311 1110 1378 κέλευθον.
1136 1315 1192 1392 ,,τδ
1217 1322 1334 1396 πεῖρε
1357 1312 1497 1380 διδοίσκει

268 1473 270 1476 .
300 1421 384 1499 ἡμᾶς
417 1420 469 1485 καί
501 1421 556 1495 την
583 1421 730 1502 πείρων
754 1422 892 1500 μετοχὴν
916 1419 1078 1499 βαρύνειν,
1103 1420 1140 1492 ὡς
1164 1421 1227 1502 γιδρ
1258 1419 1389 1503 ἔκειρε
1420 1421 1499 1485 κεί-

300 1552 386 1611 ρων,
415 1523 507 1601 οὕτως
541 1525 679 1608 ἔπειρε
703 1527 772 1591 πεί
779 1551 858 1606 ρων.
883 1528 909 1591 εί
934 1527 997 1608 γὰρ
1021 1530 1208 1608 περιεσπᾶτο
1232 1522 1265 1601 ἦν
1290 1527 1328 1593 ύιν
1352 1529 1366 1592 l
1391 1552 1497 1609 παρα-

300 1635 426 1706 τατικδς
458 1633 552 1697 ἐπεί
559 1632 633 1713 ρα.”
680 1631 733 1698 Sic
765 1637 877 1698 cautus
907 1638 939 1699 et
964 1635 1128 1719 perspicax
1151 1633 1281 1722 linguae
1303 1633 1500 1700 Homericae

299 1762 397 1807 usum
417 1742 624 1806 strationem
644 1740 818 1829 indagabat
837 1761 963 1826 semper
982 1762 1021 1806 ex
1041 1743 1135 1806 certis
1153 1727 1274 1807 incerta
1287 1745 1499 1808 constituens.

346 1949 398 2015 Ad
430 1947 522 2015 lliad.
556 1958 602 2014 Ω.
639 1947 716 2016 235.
753 1949 871 2028 ἐξεσίην
905 1948 1031 2016 ἕκύίντι.
1090 1949 1271 2039 Didymus:
1306 1952 1499 2034 Ἀρίταρχος

302 2054 425 2122 δασύνει
463 2058 517 2131 τὴν
551 2054 693 2138 δευτέραν
727 2056 902 2135 συλλαβήν.
942 2056 1050 2138 ,,παριδ
1085 2057 1150 2136 γὰρ
1185 2055 1220 2122 τὸ
1255 2053 1344 2142 ίημι,
1379 2055 1499 2140 φησὶν,

302 2161 434 2242 ἐγένετο.
459 2162 597 2245 ἐπιφέρει
621 2168 711 2241 γοῦν·

534 2269 589 2352 πρδ
613 2271 676 2350 γδρ
697 2267 750 2348 ἧκε
775 2270 877 2350 πατὴρ
902 2268 992 2336 ἄλλοι
1017 2293 1051 2336 τε
1076 2269 1227 2352 γέροντες.

302 2379 390 2459 παροδ
420 2376 452 2442 δὲ
484 2376 535 2441 τδν
560 2373 632 2451 ἥσω
656 2375 817 2455 μέλλοντα
842 2378 859 2452 ἡ
884 2378 945 2442 ἐσί
955 2400 977 2441 α
1001 2376 1122 2456 ἐγένετο
1147 2377 1199 2442 καί
1225 2377 1241 2452 ἡ
1266 2373 1429 2452 ἒξεσία,
1453 2377 1497 2448 ὥς

303 2482 355 2549 καί
377 2484 464 2567 παροδ
487 2483 521 2548 τδ
545 2483 645 2559 ύιίσω
670 2483 804 2548 ύεσία·

573 2599 617 2672 τῇ
641 2591 676 2665 δη
701 2591 856 2656 σννύεσίαι
880 2589 913 2656 δέ
939 2589 987 2679 (B.
1014 2587 1106 2676 339).

301 2695 336 2762 τύ
360 2697 438 2764 αύτδ
462 2695 515 2762 καί
541 2694 592 2762 ἐπί
616 2701 685 2762 τοῦ·

575 2809 633 2869 τῶν
656 2800 734 2867 ἕνεκ’
758 2800 877 2879 ἐξεσίην
900 2801 972 2888 (ού.
999 2811 1042 2893 Φ..
1060 2799 1151 2888 20).”

313 2901 319 2910 ’
346 2907 395 2974 Ex
417 2908 469 2974 his
492 2911 602 2995 paucis
625 2909 814 2998 fragmentis
838 2909 930 2974 facile
954 2908 1139 2996 colligimus
1162 2928 1224 2993 quo
1243 2911 1335 2993 pacto
1356 2909 1495 2974 Aristar-

302 3014 381 3081 chus
403 3017 438 3080 in
461 3018 699 3080 commentariis
722 3015 895 3081 scribendis
919 3018 962 3080 sit
986 3021 1140 3081 versatus.
1176 3013 1326 3079 Vertebat
1349 3017 1493 3101 priscum

302 3142 481 3188 sermonem
505 3123 633 3209 epicum
654 3124 688 3185 in
710 3121 857 3210 linguam
879 3121 1066 3207 popularem
1090 3128 1123 3186 et
1146 3122 1379 3187 observationes
1398 3143 1493 3188 omne

301 3249 404 3316 genus
445 3227 485 3294 de
518 3227 623 3293 verbis
656 3228 812 3313 rebusque
847 3225 1027 3294 Homericis
1062 3227 1232 3294 intexebat.
1293 3228 1493 3294 Aristonicus

301 3354 402 3418 quum
434 3334 477 3398 τοὶ
507 3337 561 3398 τοῦ
586 3333 773 3416 Ἀριςοίρχου
797 3343 914 3412 σημεῖα
938 3337 1101 3420 exipsius
1124 3336 1250 3420 scriptis
1276 3337 1308 3398 et
1331 3355 1492 3400 commen-

301 3443 391 3506 tariis
412 3439 460 3525 (ἐκ
484 3445 542 3504 τῶν
567 3438 830 3522 συγγραμμάτων
854 3440 907 3506 καί
931 3447 989 3505 τῶν
1010 3439 1250 3525 ύπομνημοίτων)
1272 3442 1493 3526 interpretare-

301 3550 355 3612 tur
385 3547 482 3612 verba
508 3549 578 3632 ipsa
600 3550 721 3612 summi
741 3543 859 3614 (luitici
882 3549 1040 3632 servavit,
1063 3549 1171 3632 itaque
1193 3549 1302 3631 ipsum
1326 3552 1492 3633 tamquam

301 3657 500 3737 praesentem
523 3653 673 3719 audimus
697 3657 730 3718 et
753 3655 913 3719 cernimus
932 3653 1202 3739 quemadmodum
1223 3651 1354 3740 linguae
1373 3653 1493 3720 Home·

302 3759 386 3824 ricae
417 3759 597 3847 analogiam
628 3759 847 3826 sollertissime
876 3760 1031 3848 indagans
1062 3765 1130 3826 tam
1161 3763 1252 3825 acute
1280 3780 1378 3844 quam
1402 3765 1493 3826 caute

302 3883 342 3929 ex
370 3868 463 3931 certis
485 3867 605 3932 incerta
628 3868 834 3932 constitueret
858 3871 890 3932 et
914 3871 1081 3932 contentus
1103 3868 1143 3931 iis
1167 3887 1247 3951 quac
1270 3867 1343 3932 sciri
1365 3872 1493 3952 possent

302 3973 506 4037 contemserit
535 3970 645 4037 futiles
665 3971 889 4038 hariolationes
912 3971 1127 4058 reliquorum,
1152 3993 1232 4058 quae
1255 3973 1398 4038 fructum
1421 3972 1492 4038 nul·

301 4075 372 4142 lum
400 4076 524 4162 ferunt,
556 4077 611 4142 sed
641 4098 715 4143 sano
747 4078 871 4144 homini
901 4080 1068 4145 fastidium
1102 4084 1134 4145 et
1168 4099 1319 4144 nauseam
1353 4083 1493 4165 pariunt

183 4253 187 4262 ,
302 4181 386 4248 Raro
415 4186 450 4248 in
478 4181 601 4249 lubrico
633 4184 747 4269 pedem
778 4187 869 4270 ponit
892 4191 995 4252 certae
1019 4191 1051 4252 et
1074 4185 1231 4252 evidentis
1254 4185 1411 4266 οιιοίορίαο
1432 4186 1493 4250 sub

302 4290 414 4377 aegide
450 4293 550 4356 tutus.
609 4289 825 4371 Quaerebatur
859 4293 935 4377 quid
969 4297 1051 4358 esset
1086 4300 1231 4356 reNTo
1267 4293 1300 4355 in
1333 4291 1426 4369 γέντο
1462 4289 1491 4356 δ’

301 4393 467 4475 ίμνίσύοιην.
516 4398 719 4485 Argutantur
750 4395 806 4463 alii
837 4398 911 4479 alia;
948 4400 1025 4486 quid
1047 4393 1271 4466 Arsenchust
1318 4397 1495 4464 annotavit
