3356 5086
738 307 803 376 343

155 519 285 567 omnes
314 504 492 567 constanter
522 495 655 577 έπαιξα,
689 497 883 578 πέπαικται,
916 498 1102 580 πεταίχίω,
1139 501 1359 582 σνμπαίκτωρ,

154 610 407 688 ψηφοπαιιιτεῖν
430 611 613 693 caeteraque
636 607 744 672 omnio
766 606 818 672 hie
841 609 1056 694 congruentia.
1102 605 1220 676 Sedulo
1241 608 1276 674 id
1302 609 1360 674 ‹tr-

155 715 291 784 τικιςοιί
319 735 430 780 omnen
460 734 523 780 uno
554 733 608 779 oro
638 717 804 778 laetantur.
852 711 972 778 Moeris
1003 721 1161 781 Ποιῒσαι
1191 714 1359 791 Ἀττικῶς,

156 819 319 897 παῖξαι
354 823 550 896 Ἑλληνικῶς.
582 823 615 885 et
646 820 906 898 Ἐπαίσαμεν
934 821 1099 898 Ἀττικῶς,
1127 819 1361 901 ἐπαίξαμεν

155 927 366 1004 Ἑλληνικῶς.
412 926 632 1014 Phrynichus:
657 923 766 1002 lini}
775 949 814 990 αι
845 934 969 1006 Δωριεῖς
993 927 1043 992 ua
1067 927 1102 993 τί
1127 927 1164 1008 ξ,
1190 928 1261 995 tet
1287 928 1360 994 Ἀτ·

157 1034 254 1106 κικός
277 1041 446 1111 παῖσαι,
472 1033 524 1099 καί
547 1032 729 1098 παίσατε
754 1033 806 1098 καί
831 1035 1071 1111 συμπαιτνὶς
1095 1034 1146 1100 ue
1166 1041 1219 1101 reli
1239 1060 1258 1100 σ
1275 1037 1360 1116 ἐρεῖς.

157 1139 300 1208 Similia
317 1141 370 1206 hia
388 1139 555 1219 limaeue,
576 1138 774 1227 Hesychius,
796 1137 929 1214 Smdae,
949 1137 1088 1205 Thomas
1107 1139 1265 1228 Magister
1276 1162 1361 1207 eom-

156 1251 359 1312 memorant.
395 1243 561 1333 Oopioniua
584 1245 773 1311 Euetathiua
797 1244 837 1310 cd
860 1243 972 1332 Odyea.
995 1255 1039 1322 Θ,
1059 1245 1137 1312 251.
1160 1268 1234 1337 pag.
1260 1247 1359 1314 1594.

158 1353 199 1418 τὸ
227 1353 261 1418 δὲ
295 1352 478 1419 παίσατε
506 1351 575 1417 οίντί
599 1355 652 1416 τοῦ
684 1349 867 1428 παίξατε
898 1351 961 1416 rint
985 1356 1039 1417 τοῦ
1064 1353 1194 1436 παίζω
1218 1357 1360 1422 παίσω.

158 1453 234 1523 ὅθεν
258 1457 311 1524 καί
333 1460 351 1533 el
375 1457 634 1538 σνμταίερια
656 1457 709 1523 καί
734 1457 749 1522 ὅ
773 1458 1018 1537 συμπαίεωο
1042 1461 1359 1541 Ἀττικῶς-λέγει

160 1565 196 1630 δέ
236 1565 288 1630 καί
324 1565 479 1646 Ἡρόδοτος
516 1559 622 1642 ,οὗτος
659 1564 715 1642 μέν
747 1564 761 1627 ὅ
793 1563 886 1641 λίνος
917 1563 1022 1637 ἄλλως
1058 1566 1263 1637 τέπαιςαι
1301 1569 1358 1634 ὑπὸ

160 1670 357 1748 'Ensiculust’
402 1671 450 1737 De
480 1669 642 1736 Herodoto
681 1668 821 1742 fallitur,
856 1671 940 1756 apud
975 1693 1070 1756 quem
1105 1672 1158 1738 IV.
1196 1672 1249 1742 77.
1284 1674 1361 1740 libri

160 1777 317 1844 meliores
337 1777 488 1842 exhibent
508 1774 611 1848 ἄλλως
632 1774 852 1854 πέπΑΛΕται,
872 1779 1064 1856 rectissime5
1089 1799 1164 1845 nam
1183 1781 1358 1846 πέπαισται

163 1889 217 1950 eat
246 1884 327 1948 νιέιιε
356 1883 491 1947 monadi
521 1905 610 1946 οαιωο
633 1885 729 1966 fictur
751 1889 811 1966 ert,
835 1881 919 1967 quod
943 1904 1017 1948 oum
1039 1883 1101 1950 loci
1125 1890 1281 1952 sententia
1300 1909 1358 1974 pu·

162 1995 247 2077 gnat
270 2010 373 2074 neque
391 2010 466 2055 oum
486 1987 590 2059 ἄλλως
612 1988 690 2054 bene
710 1990 920 2074 componitur.
963 1988 1098 2075 Reliqua
1117 2013 1191 2057 vera
1216 2008 1248 2058 et
1273 2000 1359 2059 certa

164 2101 260 2174 eunt,
292 2095 349 2162 aad
378 2096 498 2161 formae
528 2095 586 2160 bue
617 2097 764 2180 antiquae
795 2094 937 2160 diversae
968 2094 1006 2160 ab
1028 2097 1086 2180 iio,
1110 2099 1226 2182 quibus
1249 2119 1359 2165 omnes

162 2202 266 2290 vulgo
297 2201 488 2284 utebantur,
520 2203 555 2265 in
585 2205 737 2287 perpetuo
767 2199 907 2286 periculo
934 2207 1099 2268 vereantur
1119 2225 1160 2270 na
1182 2209 1302 2271 temere
1325 2207 1359 2271 in

163 2307 317 2396 vnlgnrea
348 2312 582 2374 convertantur.
631 2306 747 2372 Editur
777 2305 881 2371 adhuc
910 2308 945 2371 in
979 2307 1159 2391 Cyropaedia
1190 2309 1215 2375 1.
1248 2308 1278 2375 3.
1305 2309 1358 2376 14.

165 2414 219 2480 καί
251 2412 370 2485 παῖδας
403 2413 434 2478 δέ
467 2435 512 2478 σοι
543 2413 787 2493 σομπαίΚτορας
812 2409 952 2491 παρέξω,
977 2412 1035 2479 ubi
1057 2416 1092 2478 in
1115 2414 1187 2508 aliie
1210 2421 1258 2481 eet
1280 2440 1358 2495 συμ-

166 2521 325 2603 πέετορας
358 2524 390 2586 at
420 2519 655 2600 οομπαίςορας,
686 2518 770 2604 quod
800 2522 849 2584 ent
878 2521 972 2584 unice
1001 2540 1124 2586 verum.
1171 2520 1247 2586 Sine
1276 2524 1358 2589 vitio

166 2628 318 2693 scribitur
337 2627 373 2691 in
398 2624 566 2714 (Platonis)
589 2623 700 2690 libello
722 2625 759 2688 de
780 2624 858 2706 Dece
877 2645 951 2712 pag.
974 2622 1048 2691 319.
1071 2644 1101 2691 n.
1122 2627 1282 2704 συμπότην
1303 2624 1356 2694 καί

167 2733 409 2811 σνμπαιςίιν
435 2769 476 2782 -
500 2735 553 2796 τοῦ
585 2727 668 2803 Διίς.
725 2729 876 2796 Mendoae
909 2731 993 2816 apud
1025 2730 1193 2799 Platonem
1227 2735 1357 2820 mttyd.

166 2859 240 2926 pag.
274 2836 351 2904 278.
381 2855 408 2903 c.
433 2837 575 2923 optimus
598 2837 744 2902 omnium
768 2840 858 2902 teatin
882 2835 1031 2910 παῖξαι
1054 2837 1125 2918 πρὸς
1149 2839 1185 2904 σέ
1209 2839 1304 2906 habet
1327 2848 1359 2909 et

166 2951 239 3030 post
268 2965 370 3030 panca
398 2964 472 3031 pag.
497 2940 574 3010 278.
598 2961 629 3008 n.
654 2942 859 3008 πεπαύοίω
883 2964 939 3028 pro
963 2945 1134 3011 πεπαίσθω.
1182 2947 1358 3016 Emendate

166 3053 202 3116 in
233 3052 373 3116 Phaedro
396 3051 547 3116 scribitur
569 3069 643 3136 pag.
667 3047 745 3115 265.
769 3065 796 3113 o.
830 3050 1040 3116 πεπαίσθω
1072 3057 1104 3117 et
1125 3073 1198 3140 pag.
1224 3051 1301 3121 278.
1326 3074 1357 3121 n.

168 3156 222 3234 ἤδη
254 3156 468 3222 πεπαίσίω
502 3156 630 3235 μετρίως
662 3157 750 3234 tntu,
783 3155 838 3221 sed
859 3158 975 3223 vitiose
997 3160 1031 3222 in
1055 3159 1359 3244 Τίνοοιιιορίίοτοοεοιιὲο

166 3285 215 3332 ve.
241 3260 339 3330 1227.
363 3263 531 3330 Ravennae
552 3263 666 3328 unicus
689 3264 779 3327 testie
801 3264 1002 3349 caeteroquin
1024 3267 1166 3351 optimus
1188 3272 1310 3334 servat:

462 3367 551 3435 οίλλίι
582 3369 768 3437 πέποται
801 3370 929 3450 μετρίως
955 3372 1038 3448 ἡμῖν.

166 3477 224 3542 ubi
245 3475 405 3542 Kuaterne
427 3474 617 3550 πέπαικται,
639 3495 753 3542 verum
777 3481 809 3540 et
830 3477 981 3546 Atticum
1002 3475 1157 3546 πέποισαι
1177 3477 1357 3544 Brunolriua

166 3586 316 3671 reposuit.
351 3581 389 3648 In
411 3583 502 3647 Pluto
524 3601 570 3648 ve.
599 3579 696 3646 1056.
722 3581 829 3659 βούλει
851 3581 900 3646 brot
922 3580 1031 3663 χρόνον
1052 3581 1125 3664 πρός
1145 3609 1186 3663 με
1206 3592 1356 3660 παῖσαις

165 3693 200 3756 in
233 3687 350 3757 (lodice
383 3685 504 3754 Veneto
537 3686 714 3772 multisque
747 3687 818 3752 aliie
853 3686 967 3764 παῖξαι
1000 3687 1131 3776 legitur.
1182 3689 1369 3755 Emendate·

165 3797 261 3864 lectio
293 3800 342 3862 eet
370 3795 452 3859 Itan.
484 3791 560 3858 390.
595 3793 712 3859 παῖσαί
742 3817 778 3857 τε
805 3793 856 3858 καί
879 3798 1041 3875 χορεῦσαι,
1069 3800 1101 3860 et
1124 3815 1171 3862 va.
1197 3793 1262 3860 194
1286 3795 1359 3860 ποσί·

167 3927 269 3970 σαντα
296 3900 349 3967 καί
374 3903 564 3985 σκώψαντα,
588 3901 699 3986 etilo.
723 3897 799 3964 661.
824 3897 874 3965 ἵνα
896 3899 1057 3977 παίσωμεν
1080 3903 1151 3979 μετ’
1173 3901 1302 3981 έκείννις,
1327 3907 1359 3968 et

168 4009 335 4092 Thermoph.
360 4004 439 4073 992.
1369 3999 1370 4004 “

394 4113 575 4192 παίσωμεν,
598 4107 619 4178 ὦ
644 4118 809 4198 γυναῖκες,
834 4107 940 4194 οίοίπερ
965 4115 1064 4192 νόμος.

166 4227 197 4290 et
216 4227 302 4288 recte
323 4220 535 4300 οομποιιςρίας
556 4225 719 4286 serratum
739 4221 840 4284 estin
863 4221 962 4284 Itonia
986 4218 1063 4285 413.
1089 4219 1270 4287 Admonent
1291 4245 1362 4292 ma.

166 4331 261 4416 gistri
279 4326 320 4392 ad
339 4327 421 4393 Rae».
444 4323 521 4394 390.
547 4335 701 4403 παῖσαι,
729 4321 802 4406 ὅπερ
824 4328 911 4404 ἡμεῖς
936 4324 1092 4410 παῖξαι,
1117 4330 1214 4393 etsie
1236 4333 1363 4416 saepius

167 4433 253 4501 alibi.
301 4431 437 4502 Formae
459 4433 589 4500 Atticae
613 4437 645 4500 et
668 4430 753 4518 opud
775 4431 945 4500 Platonem
968 4453 1194 4518 nonnunquam
1217 4436 1361 4528 integrae
