3356 5086
706 369 771 436 269

152 585 183 627 σε
206 563 403 647 Δσενσήνσρα,
428 567 460 630 et
482 566 587 650 prima
608 565 643 628 in
665 559 766 633 άδνεάς
789 560 887 652 longa
910 567 958 630 est
981 572 1019 630 Φ.
1045 559 1121 629 481.
1143 561 1212 628 κύσν
1232 559 1332 634 citreis

152 673 181 734 et
202 693 231 734 r.
256 669 311 737 91.

193 774 245 841 Sic
273 779 376 864 igitur
406 778 501 842 darbia
535 783 647 842 natum
679 781 727 842 est
752 783 784 843 et
807 778 955 856 iadorae,
980 799 1094 864 nempe
1117 798 1156 842 ex
1179 773 1276 841 stae
1300 781 1333 842 et

152 880 296 966 biterras,
330 886 376 949 sic
407 883 525 958 θεουδής
556 905 596 949 ex
627 885 756 959 άσσδνεής
786 905 844 971 pro
874 881 968 962 άσνσς,
993 884 1144 961 εὐσεβής,
1169 882 1333 960 terretis,

154 987 353 1066 δεισιδαίμων.

195 1095 233 1159 In
261 1100 351 1161 tanta
380 1096 557 1182 frequentia
586 1096 746 1174 locorum,
777 1097 850 1162 ubi.
867 1099 1015 1182 antiquae
1037 1095 1167 1184 linguae
1191 1101 1259 1162 tam
1283 1116 1336 1161 ex·

153 1221 253 1285 pressa
276 1205 418 1267 atcerte
443 1205 579 1290 vestigia
600 1207 767 1288 apparent,
793 1223 855 1268 non
878 1203 1044 1268 miraberis
1068 1223 1135 1268 esse
1155 1201 1241 1268 locos
1259 1221 1335 1287 pau-

154 1306 253 1391 culos,
273 1310 307 1371 in
327 1309 443 1392 quibus
462 1308 558 1398 longa
576 1309 643 1374 dies
656 1314 688 1374 et
700 1312 879 1374 communis
891 1311 1035 1374 omnium
1048 1308 1178 1397 linguae
1191 1312 1336 1373 vetustae

154 1414 306 1498 ignoratio
336 1413 564 1480 vocabulorum
596 1419 743 1480 veterum
766 1415 902 1480 formam
926 1419 1024 1481 variis
1047 1416 1151 1481 modis
1174 1413 1334 1494 ἠφάνισεν.

155 1517 237 1597 Quae
264 1523 406 1585 carmina
434 1541 490 1605 per
522 1520 642 1586 multas
672 1525 791 1586 aetates
821 1519 993 1586 volitarent
1023 1542 1079 1608 per
1110 1541 1164 1586 ora
1194 1521 1337 1586 virorum

153 1622 245 1713 longo
273 1631 345 1711 post
372 1625 541 1692 intervallo
566 1634 603 1692 e'x
629 1629 826 1692 cantantium
850 1646 903 1692 ore
926 1633 1055 1712 excepta
1079 1626 1180 1692 literis
1203 1626 1339 1692 describi
1457 1677 1461 1684 .

155 1738 260 1816 coepta
290 1737 383 1808 sunt,
414 1737 583 1816 postquam
615 1733 800 1819 digammaq
823 1737 912 1796 sexta
935 1731 1097 1816 alphabeti
1119 1731 1230 1807 litera,
1256 1731 1340 1817 apud

155 1836 239 1902 Ioues
261 1842 294 1902 et
317 1839 441 1903 Atticos
459 1837 552 1922 plane
572 1839 607 1902 in
626 1838 867 1903 desuetudinem
887 1837 1008 1903 abierat
1027 1839 1338 1923 describentibusque

155 1963 276 2027 prorsus
295 1949 363 2008 erat
380 1946 540 2031 ignotum.
572 1942 684 2028 ltaque
707 1963 763 2028 pro
783 1942 898 2007 ἔσσαδσν
919 1943 1114 2009 scribebatur
1136 1943 1259 2018 εὔαδεν,
1282 1963 1339 2028 pro

158 2047 354 2123 nedfratres
386 2055 417 2114 et
448 2048 611 2124 καννάξανς
636 2048 791 2114 dederunt
815 2048 1010 2126 κανάξαντεκ
1033 2055 1066 2114 et
1088 2047 1258 2123 καυάξαις,
1283 2069 1340 2133 pro

157 2155 310 2234 α’σσὲσνσαν
335 2156 506 2220 exarabant
529 2156 680 2235 αὐέρυσαν
704 2161 736 2220 et
757 2154 886 2234 cdlagoi
906 2174 963 2240 pro
984 2153 1136 2232 άνσίαχσν,
1158 2153 1341 2239 similiaque

158 2261 249 2324 ubi'r
271 2267 338 2326 erat
364 2262 576 2348 geminatum.
624 2258 768 2345 Simplex
792 2267 901 2326 autem
924 2284 937 2324 ν
960 2262 1068 2325 omitti
1089 2260 1211 2326 solebat
1234 2267 1266 2326 et
1288 2282 1341 2345 pe·

157 2369 240 2430 nitus
262 2369 328 2432 sine
351 2369 489 2454 vestigio
512 2368 652 2432 interire.

199 2471 308 2558 Itaque
332 2475 407 2558 quia
430 2476 548 2558 passim
572 2472 666 2538 litera
686 2491 858 2538 consonans
878 2472 1036 2538 exciderat
1056 2473 1197 2538 earmina
1215 2479 1342 2538 vetusta

158 2577 256 2643 literis
286 2583 413 2644 exarata
436 2579 530 2664 plena
553 2585 641 2645 erant
665 2581 819 2643 rimarum
845 2599 1016 2663 versusque
1040 2579 1145 2643 canori
1170 2583 1203 2643 et
1225 2580 1343 2643 eximia

159 2691 223 2749 arte
244 2688 409 2769 compositi
431 2688 550 2771 passim
573 2683 767 2750 intolerabili
790 2684 881 2748 hiatu
905 2684 1111 2760 fatiscebant,
1135 2683 1256 2749 veluti:

267 2785 321 2854 tut
345 2796 403 2871 σφ’
427 2791 605 2871 ἐγκέφαλος
629 2789 774 2870 χαμάδις
798 2789 853 2870 ῥέον
877 2789 913 2862 ὡς
939 2785 1003 2854 ὅδε
1028 2785 1116 2860 Οἶνσς

270 2896 396 2961 κάτθαν’
420 2897 499 2974 σ’μῶς
524 2894 542 2962 d
566 2897 596 2959 τ’
617 2897 726 2976 άεργὸσ
752 2897 825 2975 strip
848 2891 867 2958 d
888 2919 923 2959 τε
948 2905 1060 2960 uestri
1085 2895 1228 2975 'espen

267 3003 305 3074 ὥς
328 3001 360 3066 δὲ
383 3000 459 3066 λέων
482 3002 512 3065 ἐν
534 3002 624 3080 (isaei
649 3003 734 3081 άσρὼν
757 2999 790 3076 ἐξ
814 3001 938 3082 cdxlvii
962 3000 1056 3081 '‘AEq.

267 3107 337 3172 ἔνθα
360 3108 417 3184 μὲν
442 3107 596 3172 ἐκπεσέειν
620 3109 669 3173 tte
695 3105 780 3170 κατά
805 3108 831 3169 δ’
855 3104 992 3184 άρμασΛ
1012 3105 1124 3182 'Atat

202 3213 271 3279 Non
295 3219 343 3280 est
364 3216 467 3301 igitur
485 3214 668 3278 mirandum
689 3213 858 3298 rhapsodcs
878 3219 910 3278 et
930 3219 1072 3278 cantores
1091 3220 1219 3279 centum
1239 3215 1363 3296 modis=

159 3319 324 3386 molestum
347 3321 474 3384 hiatum
496 3322 611 3384 sarcire
634 3325 780 3397 conatos,
802 3321 857 3404 qui
878 3324 934 3406 aut
953 3318 1160 3384 inferciebant
1179 3320 1342 3386 literulam

160 3428 261 3504 ςσνβῆς
285 3426 369 3501 δίκην
392 3425 464 3505 πρὸς
487 3426 521 3490 τὸ
545 3427 673 3505 κεχηνὸς
699 3429 752 3490 τοῦ
777 3427 888 3505 ῥυθμοῦ
912 3424 1014 3490 veluti
1038 3426 1066 3488 τ’
1090 3431 1145 3490 aut
1171 3429 1205 3504 γ’
1225 3433 1281 3492 aut
1301 3428 1341 3504 κ’,

160 3540 212 3598 aut
231 3531 360 3598 voculas
382 3534 465 3596 inter
488 3553 521 3596 se
544 3531 768 3616 permutabant
789 3551 846 3616 pro
870 3530 901 3594 δέ
926 3534 982 3594 aut
1004 3554 1039 3594 σε
1063 3531 1127 3612 γάρ
1151 3534 1343 3599 substituen-

159 3645 217 3713 tes,
248 3645 306 3704 aut
337 3638 434 3703 verba
465 3637 710 3722 transponebant
739 3635 841 3702 veluti
872 3639 966 3700 σσσῖσνν
996 3637 1062 3712 ἐμοὶ
1085 3636 1116 3701 δὲ
1139 3636 1263 3715 αάλσςα
1287 3660 1344 3724 pro

158 3749 233 3808 σάσν
263 3743 389 3820 adtira
421 3744 447 3808 t·
479 3743 563 3819 ἐμαί,
593 3745 785 3828 omninoque
808 3740 971 3806 lenissima
995 3741 1147 3830 vulgatae
1171 3747 1344 3829 scripturae

157 3853 332 3916 mutatione
362 3852 504 3915 numeris
535 3854 567 3914 et
597 3850 727 3914 auribus
754 3846 968 3913 consulebant.
1016 3847 1135 3913 Eodem
1160 3849 1343 3934 modoque

157 3956 205 4022 illi
233 3959 378 4021 vetustas
407 3956 525 4021 formas
556 3955 783 4026 obscurabant,
808 3958 952 4018 nostrum
976 3958 1025 4018 est
1047 3953 1172 4018 easdem
1198 3975 1344 4021 revocare

156 4063 188 4126 in
209 4062 337 4136 lucem,
362 4081 425 4126 non
446 4063 591 4145 pervim
616 4065 795 4148 grassantes
817 4059 936 4124 urendo
959 4059 1157 4142 secundoque
1178 4065 1210 4125 et
1229 4061 1342 4126 audaci

157 4169 397 4253 transpositione
428 4172 483 4232 aut
515 4169 705 4232 corrections
735 4165 890 4234 violenta,
921 4163 976 4229 sed
1006 4164 1170 4229 lenissima
1192 4165 1340 4231 literulae

159 4273 324 4339 inflexione
354 4279 410 4337 snt
440 4273 618 4338 omissione.
667 4269 835 4356 Optimum
858 4270 945 4335 factu
969 4275 1017 4334 est
1038 4268 1123 4335 locos
1146 4275 1257 4355 poetae
1276 4291 1343 4337 om·

159 4399 229 4453 nes.
262 4379 319 4443 ubi
348 4383 492 4444 vetustae
522 4377 643 4442 formae
674 4375 858 4442 obliteratae
889 4381 981 4448 aunt,
1003 4375 1061 4440 sub
1086 4395 1149 4441 uno
1175 4383 1344 4462 conspectu

160 4503 272 4569 ponere
290 4483 500 4568 omnibusque
519 4481 691 4570 diligenter
709 4481 913 4548 consideratis
931 4482 1136 4571 expensisque
1153 4482 1200 4547 ita
1214 4480 1343 4570 linguae
