3348 5086
700 333 765 406 395

145 529 289 607 Tristior
320 535 354 596 at
384 528 563 617 complures
592 528 677 614 apud
706 527 881 596 Pindarum
911 533 940 596 si
965 527 1117 620 Tragicos
1138 532 1202 600 loci
1224 537 1327 600 ostsu-

144 637 212 704 dera
233 641 380 724 poteraut
399 641 431 702 et
452 637 657 702 notissimum
679 633 814 700 σκολιόν·

456 739 506 807 ἵνα
530 764 585 822 περ
609 743 744 816 ποδώκης
768 741 919 823 Ἀχιλεύς

456 848 607 922 Τυδεΐδην
629 873 664 913 σε
689 848 786 929 φασίν
811 850 981 926 Διομήδεα.

185 958 245 1024 Sed
271 977 397 1042 semper
420 955 597 1023 cavendum
621 976 660 1020 nc
683 955 833 1021 mendosa
856 958 1012 1041 scriptura
1035 957 1158 1044 decepti
1181 979 1218 1025 ea
1240 965 1326 1027 veta

143 1065 226 1130 ribus
250 1066 416 1152 magistris
438 1065 519 1130 uitio
541 1067 720 1136 vertamus,
745 1062 783 1127 de
802 1062 918 1147 quibus
936 1083 1113 1148 numquam
1132 1068 1326 1154 cogitarunt.

143 1171 189 1237 Ad
219 1169 279 1236 Od.
309 1175 348 1252 ψ.
382 1167 458 1235 310.
491 1167 643 1234 adscribit
671 1166 837 1233 Belskorus
864 1188 903 1232 ex
936 1163 1052 1236 Codice
1074 1168 1326 1238 Vindoboncnsi:

143 1279 292 1358 ρἠσορικίρν
315 1283 448 1343 ποιεῖται
472 1272 748 1356 ἀνακεφαλαίωσιν
768 1280 823 1349 τῆς
844 1273 1009 1347 ὑποθέσεως
1029 1275 1083 1340 καί
1104 1277 1251 1356 ε’πιπομίςυ
1270 1289 1326 1354 τοῖς

145 1384 336 1457 Ὀδυσσείας.
360 1390 512 1449 ΚΑΛΩΟ
535 1376 583 1446 οὖν
609 1379 750 1454 ἦίέσησεν
771 1379 956 1460 ’Λρίςαρχος
977 1383 1047 1454 τοὺς
1066 1392 1145 1463 τρεῖς
1167 1385 1220 1450 καί
1244 1387 1328 1466 τρισί-

144 1515 244 1556 κονσοο.
291 1489 362 1555 Imo
391 1509 466 1555 vero
497 1495 645 1557 KAKstC
676 1482 734 1551 οὖν.
783 1483 836 1550 Sic
865 1507 957 1573 saepe
988 1508 1027 1554 ex
1055 1490 1229 1557 scribarum
1252 1495 1329 1557 osci·

143 1601 243 1664 tantia
265 1606 294 1663 A
318 1595 402 1661 male
426 1594 534 1660 addito
557 1599 613 1659 aut
637 1594 755 1658 omisso
777 1596 972 1658 contrarium
992 1616 1076 1661 nnnc
1095 1597 1212 1664 dicitur
1231 1618 1328 1683 quam

143 1704 219 1772 olim
250 1704 374 1769 dictum
404 1701 476 1766 init.
524 1699 672 1765 Vidimus
705 1696 827 1769 πιθανός
857 1720 913 1784 pro
943 1701 1090 1775 dottam
1121 1706 1216 1770 scribi
1244 1704 1330 1789 apud

143 1809 329 1877 Strabonem
361 1812 394 1874 ct
423 1807 574 1873 Flavium
604 1805 784 1892 Iosephum.
831 1807 967 1878 Πιίανῶς
995 1807 1094 1874 stulte
1116 1811 1267 1875 scribitur
1289 1808 1329 1875 ad

142 1915 230 1984 Iliad.
254 1924 297 1982 N.
322 1913 399 1980 658.
422 1935 479 1999 pro
501 1911 686 1983 Ἀπιίοίνως.
719 1911 779 1977 Ad.
803 1909 842 1976 Il.
867 1921 908 1976 Ψ.
931 1908 1007 1979 772.
1034 1911 1156 2002 legitur
1179 1916 1328 1998 ψεύδεται

143 2023 270 2098 accitur
301 2018 437 2101 Ὅμηρος
460 2041 517 2106 pro
540 2017 720 2094 Ἀσυνηίως.
744 2023 777 2084 st
799 2015 840 2082 ad
863 2028 895 2082 B.
922 2015 996 2084 169.
1021 2020 1056 2083 πὸ
1081 2021 1271 2102 ὑπερφίαλον
1294 2022 1329 2087 τί

143 2130 221 2195 πολὺ
254 2126 472 2207 σημαίνεικαὶ
498 2123 644 2206 ἄμετρον,
667 2126 705 2196 ὤς
729 2131 784 2198 πῆς
810 2123 928 2205 Φιοίλης
954 2123 1105 2204 Ἀριίσρου
1128 2125 1238 2203 οὔσης,
1263 2129 1330 2194 imo

142 2255 216 2301 vero
240 2231 362 2313 Μίτρου
385 2231 485 2309 οὔσης.
531 2231 570 2298 ln
591 2231 732 2298 Bekkeri
754 2230 914 2296 Auerdotie
935 2251 1009 2319 pag.
1036 2228 1090 2298 79.
1111 2231 1141 2297 9.
1164 2233 1329 2300 docemur:

144 2344 180 2406 'A
188 2349 364 2420 μαρπεῒν
391 2339 443 2406 καί
476 2340 672 2414 οίδικιῖσαι
703 2338 853 2419 διαφόρως
885 2337 1060 2406 τοίσσουσιυ.
1093 2339 1161 2405 noli
1187 2341 1326 2420 credere,

143 2448 195 2514 sod
226 2445 430 2528 ’Λδιαφίροις.
476 2443 556 2512 Ibid.
587 2466 661 2534 pag.
695 2439 749 2510 97.
783 2440 837 2508 23.
865 2445 1060 2523 Ἔνοιριον;
1092 2448 1127 2511 πὸ
1160 2447 1245 2512 aare
1267 2450 1330 2512 πιῐν

144 2553 300 2634 πέπειροι,
325 2552 460 2619 emenda
482 2553 516 2617 πὸ
541 2550 627 2616 κατοί
651 2559 695 2614 TI
724 2547 912 2630 ’Λπέπειροκ
948 2550 986 2617 In
1004 2549 1132 2618 Scholio
1152 2553 1192 2618 ad
1210 2553 1330 2619 Aristo-

143 2662 255 2748 phanis
281 2660 451 2744 Theamopd,
477 2655 553 2724 917.
577 2662 762 2723 annotatur:
786 2655 910 2733 οὶνοίξιος
935 2656 960 2721 δ’
983 2658 1021 2724 δον
1045 2656 1090 2733 είη
1114 2657 1128 2724 ὃ
1152 2659 1330 2739 Καλλίςρα-

143 2791 192 2840 πος
224 2765 403 2834 πιςειίεσίαι
433 2767 472 2838 ὥς
501 2763 539 2830 δον
570 2764 636 2844 περί
669 2761 859 2830 διδασκάλου
889 2770 941 2830 τοῦ
974 2763 1193 2848 Ἀριςοφοίυους
1218 2765 1329 2844 λίνων.

143 2873 211 2941 Imo
233 2894 309 2941 vero
328 2871 451 2951 Ἄξιος,
478 2877 516 2938 ut
538 2873 658 2958 opinor.

662 3111 809 3180 LXXIV.

529 3311 704 3387 Ἀίετιίσεις
727 3328 939 3377 DRPuRmffl.

187 3509 417 3576 Annotationes
447 3503 655 3584 criticorum,
682 3527 762 3591 quae
785 3510 972 3592 supersunt,
995 3505 1109 3572 multis
1131 3505 1235 3571 modis
1259 3513 1334 3572 sunt

143 3618 294 3691 uitiatae,
323 3614 504 3679 decurtatae
528 3617 560 3677 ct
582 3611 761 3678 mutilatae.
809 3612 977 3678 Praeterea
1000 3609 1179 3697 complures
1198 3614 1334 3677 Aristar-

144 3721 195 3788 chi
225 3720 460 3787 cbservationcs
491 3723 523 3784 et
553 3719 712 3793 διετήρεις
743 3718 889 3783 funditus
919 3720 1123 3796 interierunt,
1148 3721 1334 3803 praesertim

143 3831 177 3894 in
201 3825 360 3914 Odyssea,
384 3829 423 3889 ut
445 3846 484 3889 ex
506 3823 634 3890 indiciis
657 3825 866 3912 quibusdam,
892 3845 971 3910 quae
993 3827 1028 3890 in
1051 3823 1171 3890 Veneto
1197 3835 1225 3890 A
1249 3829 1281 3890 et
1301 3835 1333 3889 Β.

143 3938 268 4000 seruata
291 3936 384 4015 sunt,
408 3930 621 3997 ostendemus.

186 4038 246 4105 0d.
272 4049 305 4103 B.
332 4035 409 4102 434.

324 4142 481 4225 παννυχίη
505 4141 610 4224 μίκρ’
635 4143 692 4220 ἥγε
717 4143 769 4208 καί
794 4145 834 4219 ἠῶ
863 4151 946 4224 πεῖρε
972 4143 1120 4210 κέλευθον.

143 4251 183 4318 ad
214 4249 255 4317 Il.
290 4258 337 4315 Ω.
368 4247 399 4315 8.
433 4248 584 4328 οίλενεινοί
616 4273 651 4314 πε
681 4249 813 4328 κύματα
844 4249 952 4330 πείρων
973 4255 1143 4317 annotatur
1173 4255 1240 4320 πεί
1247 4274 1333 4336 ρωυε

143 4355 337 4439 βαρυπίυως·
361 4355 441 4439 φησί
465 4360 539 4435 γοῦν
606 4411 610 4418 .

326 4462 480 4544 παννυχίη
504 4462 561 4541 μίν
584 4462 610 4546 ῥ’
635 4459 693 4544 ἥγε
715 4462 769 4529 καί
794 4463 835 4540 ἠῶ
863 4471 947 4548 πεῖρε
972 4461 1120 4531 ιιίλευίον.
