3296 5104
898 343 941 412 26

326 536 462 614 auxilio,
487 555 567 620 quae
589 555 638 600 res
660 536 701 599 iis
724 534 823 600 simul
847 533 1052 600 commodum
1072 545 1104 597 et
1122 533 1393 606 emolumentum,
1418 529 1546 596 simul

325 643 558 727 turpitudinem
582 647 614 706 et
635 641 768 706 dedecus
788 640 957 708 attulerat:
978 645 1159 724 receperant
1178 637 1360 713 Boeotiam,
1381 637 1446 702 sed
1471 657 1543 720 ope

326 749 437 813 aliene.
486 747 596 832 Itaque
619 746 850 812 Demosthenes
874 747 934 811 hoc
958 745 1059 810 dixit:
1084 746 1129 808 ι’θο
1151 744 1280 808 dominer
1304 745 1389 826 υοθρο
1415 743 1542 807 existi-

326 861 423 931 mant,
456 855 524 918 sive
555 855 626 916 Ιιοθο
656 853 805 916 homiuem
826 854 921 937 fama
947 860 1006 928 eet,
1033 851 1093 913 aiei
1115 850 1276 933 Philippus
1298 851 1331 912 εἰν
1359 851 1541 913 Graeciam

318 967 503 1044 penetra-ruet
542 959 691 1022 Thebanos
725 981 823 1022 eorum
857 981 932 1043 quae
966 979 1046 1020 ιιιιιισ
1078 957 1218 1020 dederent
1253 957 1334 1019 nitio
1363 957 1541 1020 habiturae

318 1067 440 1152 surbac,
472 1065 566 1148 idque
598 1061 717 1130 Graece
739 1071 846 1130 sonat:
871 1065 952 1128 οὐδὲν
977 1063 1015 1129 θον
1039 1065 1172 1128 δοκοῦσιν
1196 1061 1298 1142 ἔχειν,
1323 1065 1408 1127 eive:
1438 1063 1539 1126 οὐδὲν

327 1171 365 1236 atr
388 1173 494 1241 αὐτοῖς
518 1173 611 1236 boxel
637 1167 724 1236 εἶναι.
763 1170 1040 1250 Quemadmodum
1063 1169 1141 1234 alibi
1162 1171 1299 1245 ἡγοῦμαι
1321 1170 1355 1232 in
1377 1167 1537 1244 ἡγούμην

327 1279 533 1362 depravatum
560 1277 724 1354 videmus,
748 1277 847 1340 sich.
873 1276 895 1342 1.
919 1277 1002 1342 δοκεῖ
1023 1279 1057 1339 in
1082 1273 1194 1351 ε’δθιιει,
1219 1277 1299 1360 quod
1317 1282 1381 1338 erat
1399 1276 1537 1338 deruen-

327 1385 482 1447 εθνιιιιιθιιιιο
505 1389 543 1446 ut
565 1381 738 1466 loquuntur
760 1382 992 1446 mathematici.

372 1487 473 1554 Affine
496 1509 597 1574 genus
620 1490 693 1552 vitii
717 1489 909 1571 conspicitur
931 1509 1003 1573 pag.
1031 1485 1107 1551 142.
1134 1485 1187 1551 10.
1211 1487 1268 1550 ubi
1292 1487 1415 1551 editur:
1448 1486 1532 1556 τοὺς

328 1597 383 1670 μὲν
408 1594 504 1657 σοι’νυν
528 1591 668 1670 εὐπόρους
692 1593 793 1672 ποθι-ρ
816 1593 989 1673 χρωμένους
1014 1602 1050 1668 τῇ
1076 1594 1183 1671 γνώμῃ
1207 1594 1239 1656 οὐ
1264 1591 1352 1668 μόνον
1377 1593 1531 1668 ἡγοῦμαι

329 1701 371 1764 τοὶ
396 1699 500 1763 δίκαιοι
525 1708 620 1762 ποιεῖν
644 1698 731 1762 citt&
756 1699 807 1761 κοιὶ
828 1699 869 1762 τοὶ
891 1703 1053 1771 λυσιτελῆ,
1076 1703 1108 1762 et
1127 1701 1172 1762 sio
1191 1701 1225 1762 in
1246 1696 1528 1780 soloSscriptum

329 1814 394 1882 est,
431 1808 464 1869 in
501 1807 632 1868 caeteris
665 1805 813 1869 omnibus
845 1812 940 1868 ποιεῖν
974 1803 1024 1868 θον.
1073 1801 1154 1867 Utre
1184 1803 1279 1868 lectio
1310 1805 1414 1869 verior
1448 1797 1528 1866 est?

330 1911 429 1978 Nullo
459 1909 554 1974 modo
578 1906 614 1971 ab
640 1908 746 1974 abesse
769 1913 891 1994 potuit:
917 1913 993 1976 setis
1017 1913 1103 1976 enim
1126 1909 1335 1974 manifestum
1359 1914 1407 1972 est
1430 1907 1527 1972 locu·

329 2017 430 2102 pletes
452 2036 514 2080 non
536 2014 660 2080 laudari
683 2015 763 2098 quod
789 2017 836 2080 ite
858 2016 1011 2093 facerent,
1033 2017 1087 2081 sed
1107 2021 1144 2079 ut
1161 2015 1196 2080 id
1216 2016 1354 2080 fecerent
1365 2015 1526 2100 prudenti

331 2121 461 2187 consilio
486 2120 655 2184 admoneri.
705 2121 737 2184 Si
759 2121 804 2184 sic
817 2123 963 2206 fument,
988 2124 1110 2206 inquit,
1135 2142 1194 2184 ιιοιι
1218 2128 1332 2185 teretem
1354 2121 1435 2206 qood
1457 2122 1524 2184 ius-

328 2235 389 2291 tum
411 2227 452 2290 sit
471 2227 524 2290 ced
546 2226 635 2290 etiem
657 2228 737 2310 quod
758 2250 774 2290 e
796 2250 829 2290 re
853 2252 908 2292 ιιιιι
929 2229 970 2292 rit
993 2243 1155 2293 eborones
1177 2228 1324 2303 arbitror,
1345 2225 1400 2290 sed
1422 2229 1524 2302 ἡγοῦ-

329 2356 387 2409 μοιι
424 2331 465 2396 rai
499 2331 603 2396 disere
627 2339 724 2395 ποιεῖν
748 2331 786 2395 ἄν
810 2353 872 2398 non
896 2338 944 2399 est
967 2335 1075 2398 Attica
1098 2335 1294 2417 compositio.
1341 2329 1521 2395 Dicebant:

331 2441 466 2515 ἡγοῦμαι
490 2436 532 2500 rei
557 2436 650 2500 δίκαι’
672 2432 746 2501 ’ἋΝ
772 2447 874 2503 ποιεῖν.
923 2439 1040 2504 Tenuis
1059 2437 1176 2503 lineola
1193 2440 1227 2502 in
1247 2424 1523 2504 AIKAlri-diecri-

329 2565 403 2608 meu
427 2544 513 2608 facit.

374 2647 437 2726 Qui
468 2646 688 2713 huiuscemodi
712 2647 796 2714 locos
820 2649 919 2715 semel
942 2650 1155 2716 observaverit
1180 2653 1303 2735 passim
1327 2654 1360 2714 in
1385 2647 1522 2716 Graecis

329 2751 426 2819 Codd.
460 2752 538 2817 alios
570 2759 750 2839 reperturus
780 2763 827 2821 est
856 2759 974 2842 partim
1005 2753 1174 2821 aOriticie
1197 2763 1370 2834 correctos,
1395 2759 1519 2842 partim

328 2859 430 2926 adbuc
467 2859 694 2924 inemendatos.
741 2859 830 2926 Idem
865 2863 948 2926 hanc
988 2881 1115 2926 omnem
1146 2860 1292 2926 lectionis
1322 2866 1516 2928 varietatem

327 2969 423 3042 δοκοῖ,
449 2965 562 3040 δοκοίη,
588 2965 658 3044 δοκῇ
683 2971 715 3030 et
738 2969 811 3031 sim.
837 2970 945 3032 omnia
964 2987 1027 3032 non
1046 2987 1112 3032 esse
1133 2971 1226 3032 unius
1247 2969 1326 3032 assis
1343 2967 1515 3056 intelliget.

327 3072 398 3138 Non
428 3070 599 3136 mirabitur
629 3074 732 3158 igitur
761 3093 835 3160 pag.
868 3071 943 3138 642.
977 3073 1009 3136 2.
1043 3072 1157 3145 πάντες
1192 3073 1385 3152 οὶσθενέςερον
1418 3071 1458 3138 ἂν
1482 3075 1516 3137 τὸ

325 3180 438 3244 δίκαιον
462 3177 556 3256 εὑρεῖν
576 3179 753 3254 ἡγοῦνεΛΙ,
773 3181 807 3241 iu
825 3171 888 3243 uuo
910 3176 1025 3244 Codice
1045 3181 1172 3256 ἡγοῦντο
1195 3200 1356 3264 apparere,
1382 3179 1517 3264 etquid-

328 3285 405 3370 quid
428 3288 476 3348 est
499 3283 684 3348 huiusmodi
706 3304 763 3369 pro
785 3283 887 3349 nihilo
911 3285 1015 3348 ducet.

373 3496 455 3576 Quia
476 3497 630 3576 χρῆσθαι,
658 3497 855 3578 χρήσοισθοιι,
880 3500 1053 3578 χρήσεσθε,
1080 3499 1248 3579 χρήσεσθε,
1271 3500 1425 3578 χρήσεσθε
1447 3520 1516 3584 per·

328 3611 424 3689 petuo
448 3605 531 3668 iuter
553 3625 586 3670 se
609 3603 845 3670 confunduntur
868 3607 984 3692 corrigi
1008 3603 1101 3670 facile
1124 3609 1241 3690 poterit
1260 3605 1347 3671 loeus
1366 3626 1439 3693 pag.
1460 3603 1513 3682 37,

330 3707 383 3773 19.
413 3708 466 3772 ε’θιν
490 3703 540 3772 οὖν
563 3711 651 3774 dabri
676 3715 725 3773 νῦν
752 3748 794 3760 -
819 3710 983 3784 ἐθελήσητε
1006 3709 1209 3788 ςροιπεθεσθιιθ
1231 3735 1265 3775 τε
1291 3711 1342 3774 xci
1368 3712 1514 3788 πριὶπσερν

327 3813 419 3891 ἀξίοις
445 3815 526 3890 ὑμῶν
550 3815 650 3878 αὐτῶν
674 3815 724 3878 nai
749 3823 819 3886 τοῖς
849 3818 1032 3892 περιουσίαις
1055 3826 1127 3888 ποεῖς
1152 3817 1224 3881 οἴκοι
1249 3853 1290 3864 -
1303 3821 1511 3896 χρθσΗΕΘΕ,

327 3921 397 3991 ἴσως
433 3919 471 3985 ἂν
499 3957 542 3967 -
565 3919 680 3984 renea
716 3946 744 3984 ει
777 3921 828 3984 xci
862 3920 951 3998 μένοι
984 3923 1150 3995 κτήσοισθε
1181 3925 1310 4000 arcete.
1343 3927 1410 3989 imo
1440 3943 1513 3990 vero

324 4029 476 4111 χρῆσθαι,
509 4047 571 4091 non
600 4025 773 4104 χρήσησθει
808 4028 923 4111 pendet
955 4031 1042 4092 enim
1064 4035 1100 4093 ut
1124 4028 1247 4113 reliqua
1271 4051 1309 4094 ex
1332 4031 1511 4104 ἐθελήσητε,

324 4144 362 4206 ut
385 4135 503 4222 passim
527 4131 727 4211 ςροισεθεοθοιι
751 4131 804 4196 uel
823 4129 933 4205 ἐξιένοιι
955 4134 1005 4196 sci
1028 4132 1177 4213 εἰσφέρειν
1204 4137 1441 4222 coniunguntur
1459 4137 1513 4200 ubi

326 4241 555 4319 Demosthenes
585 4239 623 4303 de
654 4240 776 4303 civium
805 4239 946 4304 socordia
979 4247 1011 4304 et
1035 4242 1151 4305 inertie
1174 4243 1324 4324 queritur.
1372 4241 1443 4306 Non
1467 4261 1511 4306 co

326 4356 414 4446 piae,
450 4367 512 4415 uon
537 4365 610 4434 opes
633 4344 881 4408 Atheniensibus
905 4343 1091 4430 deficiebant
1117 4348 1144 4410 si
1166 4345 1262 4410 modo
1284 4347 1334 4410 uti
1356 4363 1510 4414 munau.
