3304 5090
703 369 767 446 200

138 569 237 634 lion:
258 572 297 634 ut
315 587 389 654 pers
408 564 485 633 belli
508 563 688 654 appelletur
710 567 724 632 i
748 563 1010 647 'Apxrldueloc
1033 566 1167 645 πόλεμοι
1194 565 1330 658 (Harpe

139 678 214 738 crat.
242 676 287 738 in.
323 697 355 740 v.
383 673 445 765 ubi
475 673 618 760 plerique
649 674 725 739 libri
755 672 973 756 αρχιδιῖμῑοο
997 674 1176 761 exhibent),
1198 679 1244 742 sio
1267 675 1331 744 elie

137 800 209 866 pers
228 781 243 845 ὃ
263 781 483 862 Παχιὶτθῑοο
504 781 637 856 πόλεμοι
658 779 811 865 eppellnri
830 780 924 846 debet
943 786 976 846 et
994 785 1150 862 ταχήτιοο
1170 782 1253 848 nibil
1269 787 1328 850 est.

181 885 253 952 Non
288 887 432 952 multum
468 887 624 953 dissimile
658 887 733 954 vicii
768 907 870 974 genus
899 889 1019 974 possim
1049 889 1266 954 committitur
1293 890 1328 954 in

136 991 295 1071 saiae'proo,
316 991 464 1072 καῖαρίιιο
486 997 519 1059 et
537 990 717 1074 καθαριότης
739 1011 840 1077 quum
860 991 984 1078 liquido
996 998 1117 1059 constet
1128 993 1326 1076 καῖοῖρΕΙΟΟ
1425 984 1434 1002 ’

134 1097 239 1164 solum
264 1095 426 1166 Graecum
448 1119 515 1166 esse
537 1104 574 1165 ut
596 1098 778 1178 μεριῖιοιιο.
820 1097 911 1164 idem
931 1119 1016 1168 error
1036 1101 1071 1165 in
1094 1101 1253 1184 ιῖοφῖιιιο
1272 1121 1326 1169 ne·

134 1207 258 1271 minem
281 1205 421 1271 offendit.

178 1397 316 1466 Prorsus
347 1399 435 1466 idem
467 1404 582 1469 erroris
611 1421 713 1492 genus
743 1399 827 1488 quod
857 1403 996 1469 cernitur
1024 1403 1059 1468 in
1082 1403 1245 1482 ῖσικοιῖριοο
1268 1423 1325 1491 pro

133 1507 340 1586 Ἔσικιιῖρειοο
382 1510 556 1575 sexcenties
595 1510 805 1575 commissum
845 1508 970 1575 videbis
1006 1510 1041 1574 in
1073 1511 1257 1577 nominibus
1290 1512 1325 1576 in

135 1647 155 1663 -
170 1621 273 1680 61οΝ
306 1614 507 1681 exeuntibus.
553 1613 627 1682 Huc
657 1616 817 1702 pertinent
846 1617 976 1684 nomino
998 1617 1166 1684 innumere
1184 1637 1265 1705 quoe
1284 1618 1325 1684 si·

131 1718 287 1808 gnificnnt
1028 1741 1030 1746 ’

132 1826 271 1911 tenplum
295 1833 462 1905 Μουσεῖον,
489 1824 667 1905 Ἀνακεῖον,
692 1826 913 1908 Ὀλυμπίειον,
937 1829 1156 1904 Ἀσκληπιεῖον
1179 1833 1252 1896 cett

132 1937 189 1998 eut
218 1939 434 1998 σιοιιιιιιισκῖιιοιι
462 1941 608 2012 Θνσεῖον,
631 1934 791 2012 Aianteion,
817 1935 1039 2014 Μαυσώλεια,
1065 1933 1225 2015 Ἀράτειον
1247 1941 1322 2003 cett.

130 2043 188 2114 eut
220 2040 370 2124 officim
403 2039 549 2121 ῖατρεῖυν,
585 2046 756 2121 γναφεῖον,
801 2049 947 2121 κουρεῖον,
992 2049 1206 2120 σκυτοτομεῖον
1246 2047 1321 2109 cett.

129 2145 344 2234 similiterque
366 2157 564 2227 πρυτανεῖον,
589 2150 734 2230 ἀρχεῖον,
758 2155 941 2230 σροιτννεῖον
964 2152 1039 2213 cett.

175 2252 224 2318 bix
242 2254 295 2320 his
313 2255 467 2322 nonnulle
489 2259 574 2322 recte
598 2261 631 2321 et
652 2255 762 2322 ordine
785 2256 881 2321 scribi
904 2254 1022 2332 solent,
1047 2253 1110 2320 elio
1133 2273 1226 2341 scope
1246 2253 1321 2322 viu-

129 2364 242 2437 entnr,
268 2360 333 2427 elio
355 2362 585 2448 propemodum
609 2383 751 2448 semper,
775 2367 813 2428 nt
835 2360 1011 2442 τροιτιῖνιον.

177 2465 342 2532 Strabonis
372 2467 447 2533 libri
475 2489 584 2535 ornnes
612 2469 664 2534 his
686 2467 812 2534 mendis
834 2464 1160 2552 temquemmuculis
1182 2467 1322 2554 cooperti

128 2577 215 2638 sunt.
261 2571 426 2640 Nonnulla
447 2573 593 2640 Editcres
618 2580 820 2641 correxerunt
842 2578 880 2639 ut
904 2573 1027 2651 Σῖνειον
1051 2592 1108 2659 pro
1131 2574 1245 2652 σῖριον,
1265 2572 1320 2638 sed

126 2678 224 2767 longe
253 2681 399 2747 maximo
428 2701 500 2765 pers
529 2687 636 2750 servet
666 2701 815 2747 errorem.
861 2678 1041 2746 Recensebo
1076 2681 1215 2766 potiore:
1252 2679 1320 2744 sine

127 2787 307 2870 suspicione
331 2786 415 2874 apud
439 2785 628 2855 Strabonem
653 2787 920 2854 circumferuntur
941 2786 1038 2851 hoec:

165 2890 314 2957 Ἀδύλιον.
780 2891 959 2968 Μεμνόνιον.

164 2995 375 3078 'Auspicium
779 2994 986 3077 Μιῖριδοῖτιον.

177 3102 290 3170 Γύθιον.
780 3103 992 3182 natantibus.

177 3207 364 3276 Δασκύλιον.
780 3209 976 3275 Πλουτιῖνιον.

176 3316 371 3398 Εὐτατδριον.
780 3313 1065 3398 σανδαρακοιῖρνιον.

179 3421 323 3489 Θετῖῖιον.
781 3417 950 3502 Σαρατιον.

177 3526 332 3594 Θοαντιον.
781 3527 933 3605 Σμῖνῖιον.

177 3633 377 3716 ῖστοτρόφιον
396 3633 451 3701 sed
471 3637 556 3702 recte
574 3634 677 3716 ῖχῖνο·
781 3629 930 3698 τελώνιον.

220 3745 361 3823 τροφεῖα.
781 3735 941 3815 Τημένιον.

178 3844 352 3926 Καισάρων.
780 3841 941 3922 recres.

177 3951 391 4034 Κιρνβοῖντιον.
783 3950 941 4030 raperer.

179 4060 371 4125 Μαυσῶλιον.
783 4054 984 4136 terestres.

178 4165 299 4233 Eodem
321 4163 460 4251 pertinet
483 4160 633 4242 σκιαῖισν,
659 4159 760 4242 ιιορῖυν
782 4180 840 4248 pro
863 4161 989 4242 Κορεῖυν
1011 4156 1176 4272 (seriorum
1198 4160 1324 4228 Proser·

131 4281 258 4371 pinne),
292 4279 408 4365 ζωνρῖρ
439 4301 496 4368 pro
519 4277 667 4362 ζωγρεῖρ,
692 4277 775 4343 ertio
799 4296 856 4364 pro
879 4275 995 4353 λιῖεῖα,
1019 4275 1117 4351 roias,
1142 4273 1267 4362 elinque
1289 4276 1324 4344 id

133 4409 235 4480 genus
268 4386 442 4475 complure.
489 4385 720 4471 Perontiqnum
752 4403 819 4448 esse
850 4383 910 4449 boc
940 4379 1191 4468 corruptelsrnm
1223 4403 1325 4470 genus

135 4496 307 4564 ostendunt
326 4495 408 4561 vitio
428 4490 667 4568 huiuscemodi,
684 4487 887 4556 ιῖιτῖτΛΟΙΛ
899 4507 956 4576 pro
967 4482 1169 4566 αντιτοῖῖεια,
1183 4487 1325 4555 eenole

1153 4594 1182 4644 ιι
