3304 5090
883 345 948 417 160

365 531 562 602 Putemusue
596 535 737 603 codicem
771 535 970 624 Thucydidis
1003 556 1022 601 e
1055 532 1191 600 hibanio
1223 532 1257 596 in
1289 533 1378 595 tauto
1407 529 1522 615 pretio
1637 529 1638 544 ³

319 642 467 708 habitum
492 643 589 708 fnisse
612 642 706 709 valde
730 645 978 710 emendatiorem
1002 661 1099 727 quam
1122 638 1238 726 quibus
1253 636 1349 703 hodie
1365 631 1523 701 utimur?

318 747 428 814 Multa
450 753 525 815 sunt
547 749 733 833 quaemihi
755 748 908 814 suadeant
931 753 969 812 ut
991 767 1053 812 non
1072 744 1177 811 multo
1196 742 1363 810 meliorem
1384 741 1522 808 credam

318 854 426 920 fuisse.
461 855 614 920 Libanins
646 859 678 920 et
707 855 873 941 aequales,
897 851 1058 930 lulianus,
1082 850 1299 927 Themistius,
1326 849 1400 927 alii,
1423 867 1522 934 prse-
1637 891 1638 912 ι

319 958 420 1025 claros
442 961 595 1045 quosdam
618 963 785 1046 scriptores
806 959 875 1025 stili
894 958 1053 1026 formandi
1074 977 1169 1022 causa
1188 957 1313 1022 assidue
1330 954 1521 1021 lectitantes
1637 985 1638 1002 ι

319 1085 447 1131 omnem
475 1067 549 1131 inde
577 1066 703 1132 dicendi
734 1068 878 1150 copiam,
907 1069 1128 1141 venustatem,
1154 1062 1365 1150 elegantiam,
1389 1060 1521 1146 lepores
1637 1121 1638 1136 ,

317 1191 509 1257 veneresque
531 1174 565 1236 in
588 1192 647 1236 sua
669 1174 787 1257 scripta
810 1170 1039 1237 transferebant
1059 1174 1091 1234 et
1109 1173 1276 1253 tamquam
1294 1167 1425 1232 floribus
1437 1165 1519 1230 inde
1637 1253 1638 1264 ἵ

318 1275 474 1362 decerptis
493 1297 566 1343 suos
586 1276 729 1343 hortulos
748 1276 951 1342 exornabant.
986 1273 1185 1341 Themistius
1201 1272 1370 1338 Platonem
1381 1273 1517 1338 tenebat

317 1385 518 1460 memoriter,
544 1381 698 1448 Libaniue
720 1383 985 1457 Demosthenem,
1009 1379 1213 1456 Aeschinem,
1234 1377 1423 1456 Isocratem,
1444 1376 1515 1444 He-
1637 1419 1638 1444 1

316 1487 466 1555 rodotum
501 1493 533 1553 et
567 1486 800 1576 Thucydidem:
850 1479 1102 1554 Innumerabiles
1132 1485 1216 1572 apud
1245 1484 1416 1550 Libeninm
1447 1483 1515 1550 loci
1637 1483 1638 1558 ζ

317 1595 477 1692 sunt,ubi
496 1600 663 1679 tamquam
682 1615 831 1682 gemmae
851 1592 1017 1680 splendent
1037 1595 1135 1672 ῥήσεις
1156 1593 1387 1677 Antiquomm,
1411 1591 1511 1658 modo

317 1699 508 1785 simpliciter
530 1697 692 1775 οιύτονιεξεὶ
717 1700 909 1786 descriptae,
934 1699 1030 1764 modo
1053 1697 1211 1763 imitando
1234 1717 1396 1784 expressae
1416 1702 1449 1763 et
1469 1697 1514 1764 ad

317 1804 406 1871 eliud
424 1810 651 1893 argumentum
668 1805 934 1873 accommodatae.
964 1804 1033 1870 Has
1053 1825 1163 1870 omnes
1182 1805 1381 1870 imitationes
1400 1806 1510 1891 cogni-

315 1914 365 1976 tas
389 1914 421 1976 et
444 1912 624 1978 observatas
646 1912 763 1978 habeas
780 1932 906 1978 necesse
923 1915 989 1986 est,
1008 1912 1035 1975 si
1058 1912 1108 1976 vis
1130 1908 1292 1974 lulianum
1316 1916 1348 1976 et
1369 1909 1510 1996 reliquos
1637 1923 1638 1948 l

315 2015 408 2101 plene
442 2015 634 2105 intelligere,
681 2014 744 2082 Sed
777 2017 950 2106 diligenter
985 2015 1162 2082 carendum
1197 2021 1245 2082 est
1274 2036 1313 2082 ne
1344 2017 1379 2079 in
1408 2035 1446 2081 ee
1474 2037 1509 2082 re
1637 2045 1638 2118 p

314 2121 449 2188 modum
484 2123 632 2199 excedas,
667 2107 745 2190 nam
775 2143 968 2210 magnorum
997 2125 1141 2189 virorum
1176 2121 1342 2209 naufragio
1375 2119 1509 2186 infernis
1637 2121 1638 2172 l

314 2227 367 2292 hic
398 2227 547 2315 scopulus
578 2234 636 2294 est.
680 2227 965 2316 Wytteubaohius,
993 2230 1050 2315 qui
1079 2230 1187 2294 omnia
1216 2228 1339 2316 legerat
1361 2231 1394 2291 et
1416 2227 1509 2312 quid·
1637 2237 1638 2270 ³

315 2333 394 2418 qnid
416 2333 547 2420 legisset
569 2334 708 2422 habebat
730 2337 764 2398 in
787 2340 935 2419 promtu,
959 2333 1135 2421 permultas
1157 2332 1378 2399 huiuscemodi
1400 2335 1509 2398 imiter

314 2440 417 2504 tiones
445 2441 568 2525 primus
598 2439 826 2506 animadvertit
857 2445 890 2506 et
916 2443 961 2506 sic
984 2439 1099 2505 multis
1121 2439 1200 2506 locis
1219 2445 1276 2506 aut
1299 2445 1419 2505 certam
1442 2461 1509 2506 cor·

315 2546 490 2610 rectionem
525 2550 581 2610 aut
616 2545 735 2611 cleram
770 2545 876 2611 lucem
910 2545 1038 2624 attulit,
1075 2545 1130 2612 sed
1154 2548 1278 2631 saepius
1300 2545 1386 2610 idem
1409 2547 1444 2610 in
1475 2566 1510 2612 re
1637 2563 1638 2612 l

315 2649 438 2716 lubrica
461 2650 569 2736 lapsus
591 2653 786 2717 imitationes
810 2652 871 2717 sibi
893 2652 1062 2719 videbatur
1083 2651 1207 2728 ridere,
1232 2652 1290 2717 ubi
1311 2672 1350 2717 ne
1369 2653 1510 2718 minime
1637 2695 1638 2738 ρ

315 2757 446 2841 quidem
491 2757 619 2822 suberat
659 2757 810 2822 imitandi
832 2760 1006 2844 ‘suspicio;
1034 2756 1118 2823 unde
1152 2778 1215 2824 non
1249 2759 1412 2822 immerito
1447 2757 1508 2823 hoc

312 2863 625 2929 animaduersionum
644 2885 746 2952 genus
758 2865 835 2929 viris
847 2883 900 2928 em
913 2867 1029 2929 unctae
1042 2865 1128 2928 ueris
1139 2863 1505 2949 praebuitrisumprae-
1637 2851 1638 2862 ¹

316 2965 442 3052 betquc.
477 2967 679 3053 Ubicumque
709 2989 785 3034 vera
814 2971 955 3034 imitatio
979 2968 1088 3034 subest
1110 2973 1196 3034 certa
1216 2974 1248 3034 et
1270 2989 1415 3053 expressa
1437 2971 1508 3033 eius
1637 2957 1638 3032 ἶ

314 3075 361 3138 rei
394 3076 532 3162 vestigia
567 3078 600 3140 et
629 3074 749 3140 indicia
778 3080 940 3161 apparent.
977 3074 1149 3140 Ostendam
1181 3077 1215 3139 in
1248 3095 1313 3140 uno
1344 3073 1507 3160 alteroque
1637 3119 1638 3130 ι

315 3178 478 3264 exemplo,
510 3180 569 3245 ubi
597 3181 715 3245 veteris
747 3183 830 3260 ῥῆσις
861 3202 880 3247 a
910 3179 1059 3266 Sophista
1088 3181 1129 3245 ad
1156 3181 1247 3246 aliud
1276 3184 1505 3267 argumentum

314 3284 461 3350 traducta
495 3291 552 3352 est.
599 3285 829 3352 Demosthenes
861 3287 984 3352 dixerat
1014 3306 1088 3374 pag.
1120 3283 1198 3351 296.
1232 3286 1285 3351 15.
1312 3288 1417 3363 ἡγεῖτο
1440 3285 1504 3366 γδρ
1637 3287 1638 3300 ’

316 3389 416 3454 αὐτῶν
439 3385 549 3464 iaceas
572 3392 640 3470 οὐχὶ
665 3392 707 3472 τῷ
731 3391 824 3470 carp>
849 3391 901 3457 ιοοιδ
926 3401 964 3474 τῇ
988 3396 1081 3473 μητρὶ
1101 3391 1191 3469 μόνον
1209 3392 1397 3470 γεγενῆσθαι
1415 3390 1506 3456 οὶλλδι

315 3497 368 3562 xc>
405 3505 443 3578 τῇ
480 3495 620 3578 νιοιτρίδι.
660 3495 797 3577 διοιφέρει
832 3496 862 3562 δὲ
897 3500 946 3574 rh
981 3493 1027 3562 ὅτι
1057 3498 1072 3562 ὁ
1103 3499 1161 3576 μὲν
1184 3503 1246 3570 τοῖς
1270 3499 1391 3576 ρονεῦοι
1415 3497 1504 3574 μόνον

315 3605 503 3682 γεγενῆσθαι
527 3599 652 3682 νομίζων
675 3602 727 3665 τδν
751 3611 806 3677 τῆς
830 3602 1016 3684 εἱμαρμένης
1038 3604 1091 3668 aa>
1111 3604 1164 3668 τὸν
1184 3603 1363 3681 stricare
1375 3603 1505 3668 θάνατον
1637 3661 1638 3670 ,

316 3706 488 3792 περιμένει,
520 3707 534 3771 ὃ
565 3708 596 3771 δὲ
626 3709 678 3772 κοοδ
709 3717 748 3788 τῇ
773 3709 898 3788 πατρίδι
924 3708 995 3788 ὑπὲρ
1020 3715 1073 3773 τοῦ
1098 3711 1143 3786 μὴ
1166 3709 1283 3784 ταύτην
1306 3709 1418 3774 ἐπιδεῖν
1443 3709 1504 3774 δον-

315 3813 464 3879 estserae
486 3814 684 3887 ἀποθνήσκειν
707 3814 855 3890 ἐθελήσει.
882 3814 968 3880 Audi
990 3836 1074 3880 nuno
1097 3814 1271 3881 Libaninm
1289 3815 1343 3880 IV.
1360 3813 1436 3881 780.
1453 3814 1504 3881 10.

315 3920 363 3984 δεῖ
388 3919 452 4000 γὰρ
482 3919 553 3990 τοὺς
583 3919 721 3996 ἀναδοὺς
752 3919 862 4000 ἄνδρας
887 3958 929 3969 -
954 3921 986 3984 οὐ
1018 3921 1108 3995 μόνον
1131 3921 1238 4003 οφΙοιν
1263 3923 1367 3994 αὐτοῖς
1392 3919 1504 3986 ciectus

315 4027 476 4104 γεγονέναι
504 4025 574 4097 τοὺς
598 4024 717 4098 mailoc
743 4025 832 4090 ἀλλὰ
856 4024 909 4091 ιιοιὶ
933 4035 972 4108 τῇ
998 4027 1138 4107 πατρίδι.
1165 4025 1302 4107 διιιφέρει
1326 4025 1357 4090 δὲ
1381 4025 1433 4104 τίς
1459 4021 1504 4092 ὅτι

315 4131 328 4196 d
353 4133 410 4207 μὲν
433 4132 516 4210 air&
540 4129 620 4210 μόνῳ
643 4129 686 4193 rot
709 4129 803 4195 τέκνοι
827 4133 1014 4208 γενενῆσθαι
1038 4131 1165 4213 νομίζων
1188 4133 1242 4206 τὴν
1267 4133 1302 4196 ἐκ
1324 4138 1379 4206 τῆς
1398 4133 1504 4212 εἱμοιρ-

315 4237 407 4316 μένης
441 4237 585 4302 dcccdccc
618 4238 722 4308 adroic
753 4237 900 4310 τελευτὴν
931 4240 1100 4319 ὑφορᾶται,
1134 4239 1147 4302 ὃ
1179 4238 1210 4303 δὲ
1238 4238 1291 4304 aa>
1315 4248 1355 4320 rii
1379 4238 1503 4318 carpite

317 4343 389 4421 ὑπὲρ
413 4347 466 4407 τοῦ
491 4344 536 4418 μδρ
559 4341 676 4417 ταύτην
699 4342 898 4408 barisiensi
923 4344 995 4410 ἰδεῖν
1018 4346 1051 4409 οὐ
1074 4346 1223 4426 φοοδνετοιι
1248 4344 1325 4433 (leg.
1348 4343 1505 4430 φείδεται)
1637 4351 1638 4422 fl

316 4447 449 4514 κινδύνου
474 4453 639 4521 καλοῦντος
662 4453 720 4515 τῶν
745 4447 872 4516 παίδων.
