3356 5084
720 361 783 436 aab

159 551 280 614 certum
310 549 467 616 iudicium
497 551 571 616 ferri
601 556 712 640 possit.
758 553 894 642 Legitur
923 555 998 622 κατ’
1031 555 1241 634 ’arepertum
1273 577 1345 644 pag.

160 651 235 722 607.
266 653 321 720 28.
353 652 438 728 οὗτος
470 658 658 734 Εὐκτήμονα
687 660 794 741 φήσας
826 664 884 735 τοίς
917 662 1068 742 ὑμετέραο
1093 662 1178 742 ἔχειν
1202 664 1347 744 εἰσφορὰς

157 761 210 824 καί
235 761 330 828 ταῦτ’
355 761 530 841 ἐξελέγξειν
554 767 571 841 ή
597 764 671 845 παρ’
697 767 808 832 ἑαυτοῦ
833 769 1019 844 καταθήσειν
1043 767 1269 849 ὑποσχθμενος.
1293 791 1349 832 κα-

156 866 300 938 ταλύσας
330 869 520 950 ψηφίσματι
551 874 706 951 κληρωτήν
737 873 837 954 οἰρχήν
861 874 911 938 ἐπί
935 884 975 954 σή
999 873 1153 953 προφθσει
1177 875 1277 955 raes„
1297 872 1347 939 ε’πί

156 975 211 1048 τήν
241 972 401 1055 εἰσπραξιν
432 975 559 1056 παρέδυ.
583 983 616 1044 et
638 977 672 1043 in
698 980 882 1044 lbmocralea
904 1001 977 1069 pag.
1003 979 1080 1047 750.
1107 981 1135 1049 5.
1161 979 1348 1058 αἰτιασοίμε·

157 1103 201 1152 νος
225 1081 290 1160 γὰρ
309 1081 497 1161 Εὐκτήμονα
518 1083 577 1156 τοίς
598 1083 750 1165 ὑμετέρας
770 1083 854 1165 ἔχειν
877 1086 1022 1168 εἰσφορὰς
1044 1088 1096 1152 καί
1117 1090 1202 1153 τοῦτ’
1223 1085 1349 1165 ἐξελέγ-

155 1185 218 1263 ξειν
241 1188 259 1263 ή
283 1190 358 1269 παρ’
381 1188 492 1254 ἑαυτοῦ
516 1189 703 1266 καταθήσειν
724 1190 933 1272 ὑποσχόμενος
955 1193 1143 1265 καταλύσας
1161 1231 1203 1242 -
1222 1193 1347 1274 παρέδυ.

199 1291 238 1358 Ιιι
271 1295 375 1378 priore
409 1293 479 1360 loce
515 1295 727 1378 ὑποσχθμενος
763 1299 908 1383 spurium
944 1303 992 1363 esi
1027 1307 1060 1366 et
1090 1300 1348 1387 expungendum.

156 1396 228 1463 Duo
257 1397 411 1466 infinitivi
445 1399 619 1479 ἐξελέγξειν
654 1407 687 1467 et
720 1404 905 1478 καταθήσειν
938 1404 1076 1488 pendent
1110 1426 1149 1470 ex
1182 1408 1349 1492 participio

156 1507 262 1585 Φήσας
274 1552 283 1583 ,
308 1508 403 1574 utin
426 1507 496 1574 lom
520 1509 625 1577 vicino
650 1528 723 1601 pag.
750 1507 827 1573 608.
856 1507 908 1573 15.
932 1509 983 1574 τὸν
1007 1510 1063 1588 μὲν
1088 1512 1293 1587 Εὐκτήμονα,
1318 1502 1348 1576 ἰν

156 1610 332 1691 εἰσπροίξειν
363 1612 381 1688 ή
412 1615 597 1690 καταθήσειν
630 1615 723 1700 αὐτὸς
753 1613 814 1698 ἔφη
851 1619 909 1688 τοίς
946 1616 1112 1697 εἰσφορὰς,
1147 1618 1230 1682 οὐδὲν
1260 1614 1347 1699 εἶχεν

156 1718 303 1798 ἐλέγχειν
335 1719 402 1800 περὶ
435 1718 561 1785 τούτοιν.
617 1719 709 1792 Unde
738 1723 781 1788 sib
813 1726 926 1786 nalum
958 1721 1168 1803 ὑποσχόμενος
1201 1729 1348 1810 apertum

156 1832 219 1889 est:
252 1844 269 1889 e
302 1823 484 1894 θίαοσνσιασ
515 1826 576 1894 hoc
604 1825 795 1896 maculatum
820 1847 886 1898 esse
910 1826 1015 1912 rides,
1038 1829 1096 1894 ubi
1119 1837 1187 1895 tam
1210 1849 1350 1898 necessa·

156 1932 242 1994 rium
266 1933 314 1994 set
336 1935 374 1994 ut
396 1937 503 1997 nostro
526 1931 595 1997 loeo
619 1953 899 2018 supervacaneum.
946 1932 1069 2018 Inspice
1092 1957 1175 2000 nunc
1198 1933 1347 2001 Oodieem

156 2033 189 2100 S.
239 2033 386 2101 Secunda
409 2057 523 2102 manus
546 2038 719 2121 correctorie
744 2038 954 2124 θποσχθμενσρ
980 2040 1103 2132 addidit
1125 2042 1160 2105 in
1183 2040 1246 2107 alio
1264 2040 1347 2106 libro

154 2145 326 2227 repertum.
374 2140 446 2208 Hoc
475 2148 524 2208 esi
549 2142 632 2209 illud
654 2143 832 2220 οἰντεβλήθν
858 2150 890 2210 el
912 2143 1073 2226 διθρθιοται
1107 2148 1202 2212 toties
1232 2145 1348 2212 Demo-

157 2246 280 2312 sthenis
312 2249 506 2316 orationibus
538 2250 767 2335 subscriptum.
816 2235 961 2317 Contulit
990 2251 1095 2316 neseio
1117 2252 1189 2337 quis
1211 2253 1295 2318 inber
1316 2273 1350 2318 se

157 2353 235 2419 duos
266 2352 365 2420 libros
397 2361 519 2422 veteres
553 2355 606 2437 (an
636 2355 755 2442 plures)
789 2357 994 2422 abiectiones
1017 2357 1271 2444 indeexcerplas
1294 2363 1351 2424 aui

157 2460 190 2524 in
223 2465 352 2526 textum
384 2464 434 2529 sui
464 2461 540 2528 libri
571 2467 628 2530 aui
658 2465 693 2528 in
718 2465 879 2549 margines
902 2461 1076 2528 transtulit.
1123 2464 1258 2532 Factum
1282 2465 1349 2532 esse

157 2584 399 2651 nonnumquam
429 2572 467 2639 ut
498 2571 515 2644 ή
548 2567 695 2654 διόρθωσις
726 2574 808 2634 esset
834 2567 1070 2649 παραδνθρθοσις
1094 2570 1148 2634 hic
1170 2573 1238 2656 ipse
1260 2570 1349 2638 loeus

156 2671 305 2741 declarat.

200 2775 354 2862 Sequitur
380 2800 455 2868 pag.
489 2777 566 2849 608.
598 2778 629 2844 2.
663 2780 871 2861 inseruire
902 2779 927 2847 δ’
974 2779 1009 2846 τί
1029 2778 1146 2854 τούτοις
1171 2780 1347 2860 ποιούμενος

157 2885 195 2954 εἰς
220 2882 264 2950 ἔτι
291 2887 377 2962 τριῶν
402 2883 513 2966 αἵρεσις
539 2886 556 2962 ή
582 2886 624 2950 ab
648 2893 792 2964 πομπεῖα
815 2887 1025 2952 κατακόπτειν
1045 2888 1062 2961 ή
1084 2886 1180 2952 ποίλιν
1198 2888 1349 2971 εἰσφέρειν

157 2990 173 3064 ή
198 2990 268 3061 τοὺς
294 2989 478 3070 ὀφείλοντας
501 2990 697 3071 εἰσπράττειν
721 2991 902 3070 αἱρουμένων
927 2991 1050 3064 εἰκότως
1070 2993 1153 3070 ὑμῶν
1172 2994 1242 3068 τοὺς
1262 2999 1346 3076 ἰφεί-

156 3111 268 3168 λοντας
300 3097 497 3179 εἰσπρθττειν
528 3098 592 3163 κτὲ.
639 3098 677 3162 ln
709 3097 891 3163 ἰίινοστοθοιι
924 3119 998 3185 pag.
1031 3097 1106 3166 750.
1141 3099 1193 3164 12.
1230 3102 1346 3172 melius

156 3207 307 3277 scribitur
342 3202 553 3284 θήμννορίΛΝ
588 3204 779 3282 ποιούμενος,
814 3225 889 3270 uam
922 3206 1011 3268 semel
1044 3205 1083 3270 de
1116 3207 1175 3272 hec
1208 3228 1243 3273 re
1272 3231 1347 3276 sum

156 3315 275 3381 dixisse
305 3317 403 3399 palei„
449 3311 540 3378 Idem
571 3311 739 3395 utrobique
766 3312 885 3376 vitium
907 3309 1023 3375 additis
1047 3309 1170 3377 duabus
1192 3313 1348 3383 luserulis

156 3423 200 3488 sic
223 3420 418 3490 sanandum:
440 3455 481 3466 -
501 3416 583 3496 ὑμῶν
605 3426 664 3482 ΤΟ
689 3417 760 3489 τοὺς
783 3415 967 3497 ἰφείλονταε
990 3415 1198 3498 εἰσπράττειν,

201 3629 333 3696 Novum
362 3625 545 3712 exemplum
568 3625 631 3692 loci
655 3647 693 3692 ex
718 3627 898 3691 llmoeratea
921 3627 1104 3714 interpolati
1126 3629 1249 3695 videbis
1270 3653 1345 3722 pag.

157 3734 232 3802 614
266 3735 296 3801 2.
331 3732 450 3799 ἐνταῦθ’
481 3733 597 3815 ἐφήννρς
629 3732 765 3809 κηδεμὼν
796 3731 833 3795 ιίν
865 3729 899 3797 οὗ
929 3757 964 3799 σε
995 3734 1129 3804 πολλοὺς
1159 3731 1216 3800 ἔδει
1245 3747 1345 3814 κακῶς

156 3851 293 3917 ποιήσαι.
323 3840 473 3920 βούλεσθε
505 3837 540 3904 τὸ
570 3838 683 3905 τούτων
713 3836 809 3905 αἰτιον
839 3840 901 3915 leb
934 3839 1004 3917 ὑμῖν
1035 3838 1126 3914 εἰπιο,
1158 3834 1202 3906 ὅτι
1232 3843 1346 3910 τούτοιν

156 3948 213 4026 μέν
241 3945 479 4026 μετέχΟΤΕΙΝ
504 3941 542 4010 ὧν
564 3945 718 4010 οἰδικοῦσιν
742 3945 825 4026 ὑμᾶς
849 3945 946 4030 τινές,
977 3946 1040 4010 οἰπὸ
1065 3944 1096 4009 δέ
1119 3951 1178 4009 τῶν
1200 3947 1346 4032 εἰσπρατ-

156 4053 289 4133 τομένων
324 4055 605 4133 ὑφαιρΟΥΝΤΑΙ·
642 4051 677 4116 δι’
712 4051 872 4124 οἰπλνςίαν
907 4052 938 4118 δέ
972 4052 1089 4133 τρόπων
1123 4051 1242 4134 διχθθεν
1275 4082 1346 4140 καρ-

156 4142 329 4228 eorum
360 4161 415 4235 τοι
445 4157 544 4223 τινα.
592 4157 658 4222 cur
688 4156 806 4243 prum
837 4155 961 4224 utrem?
985 4159 1024 4224 ae
1055 4157 1121 4224 s010
1151 4159 1346 4232 memiana

156 4269 278 4354 cogitat
309 4271 341 4331 et
370 4265 520 4349 loquitur.
568 4261 777 4348 Inspiciamus
807 4263 922 4329 libros:
948 4266 980 4328 in
1005 4262 1027 4328 S
1056 4262 1192 4351 legitur:
1217 4263 1263 4332 θτι
1287 4279 1345 4340 τῶν

156 4374 213 4450 μὲν
249 4373 464 4454 &carpemur
497 4373 624 4436 omissis
650 4371 765 4435 mediis
789 4375 821 4434 et
845 4381 1042 4451 καρπΟΥται
1065 4391 1122 4454 pro
1145 4380 1346 4452 καρποῦνται.

156 4479 348 4546 maraine
373 4480 513 4544 servam
535 4477 585 4542 bis
607 4475 803 4564 singularem
824 4497 1012 4554 numerum,
1037 4495 1175 4562 namque
1196 4479 1273 4550 haec
1297 4491 1345 4553 est
