3308 5090
876 377 940 446 132

316 569 420 644 ίησαν.
459 571 573 638 Strabo
595 569 690 638 nrbes
713 575 769 635 aut
790 575 935 661 regiones
958 572 998 635 ab
1020 569 1133 634 incolis
1159 571 1287 633 οσσονισι
1305 568 1408 634 dicere
1428 567 1512 634 solet

316 678 516 758 έκλελεῑΦίαι
548 679 600 745 vel
624 677 832 750 ἐκλειφθῆναι.
878 679 921 742 lit
946 679 1144 752 ixaeaetoece
1173 675 1301 761 quidem
1325 674 1406 740 solet
1427 678 1510 740 inte·

316 804 413 870 grum
437 787 571 861 servari,
603 786 739 849 aoristue
769 800 876 848 autem
900 803 963 848 non
994 802 1057 847 nno
1088 781 1156 846 loco
1183 783 1217 845 in
1241 779 1432 860 έξΗλείφίην
1457 779 1512 845 de-

315 903 484 974 pravatum
509 892 586 956 vidi.
608 911 683 977 pag.
704 887 779 954 362.
804 890 870 968 περὶ
894 891 997 968 χώρας
1024 887 1265 964 ἐκλελειμμένης
1288 893 1342 960 τῆς
1368 888 1510 958 πλείςης.

317 993 438 1061 Eodem
467 998 562 1062 modo
593 1001 758 1082 peceatum
786 1016 861 1082 pag.
887 991 962 1059 357.
994 991 1159 1072 ἐξηλείφθη
1192 993 1222 1056 δὲ
1255 992 1306 1056 καὶ
1338 992 1460 1069 ἀπῆραν
1484 992 1511 1054 oi

318 1103 440 1172 πλείους
473 1104 514 1174 είς
548 1103 747 1179 Ἐπίδαμνον.
779 1105 811 1166 et
840 1121 914 1187 pag.
937 1097 1012 1164 588.
1036 1098 1071 1163 πὸ
1103 1098 1135 1163 δέ
1164 1107 1308 1175 μαντεῖον
1331 1095 1510 1178 ἐξηλείφθη.

317 1207 493 1295 Utrobique
517 1208 691 1290 ἐξελείφθη
715 1207 941 1294 reponendum.

363 1421 491 1488 Samso
521 1444 595 1511 pag.
622 1391 699 1490 275.
731 1421 774 1488 σέο
806 1422 863 1499 μέν
895 1419 1091 1486 Σελινούνσια
1124 1419 1210 1486 κατὰ
1237 1421 1358 1501 Ἱμέραν
1382 1417 1541 1498 οίλμυριί·
1643 1433 1644 1450 ’

317 1528 389 1594 έςιν.
438 1526 594 1613 Supplent
626 1529 691 1610 (καί
716 1528 771 1612 σοὶ)
798 1528 882 1592 κατὰ
914 1529 1047 1608 Ἱμέραν.
1098 1525 1216 1592 Lenius
1243 1525 1348 1591 multo
1371 1529 1512 1614 corriges

319 1633 516 1699 Σελινούνπια
541 1645 611 1701 ΚΑΙ
637 1643 695 1700 ΤΑ
721 1634 869 1714 'laicata

364 1844 442 1933 Peg.
471 1844 546 1911 276.
580 1847 620 1932 [εί
652 1846 681 1911 δὲ
706 1848 798 1911 ταῦτ’
823 1847 866 1914 ἔςδ
893 1847 972 1914 caea
996 1849 1049 1910 οὐκ
1073 1849 1239 1919 οὶπιςηπέον
1261 1844 1331 1916 ίσυς
1355 1856 1418 1916 τοῖς
1444 1847 1511 1923 περί

321 1951 563 2028 Ἐμπεδοκλέους
607 1955 882 2036 μυίσλιγηίεῖσιν]
937 1951 1125 2018 Rectissime
1167 1952 1325 2017 iudicavit
1361 1951 1513 2018 Meineke

320 2058 396 2124 haec
426 2079 488 2124 non
519 2060 559 2125 ab
589 2061 674 2144 ipso»
693 2057 846 2124 Strabone
877 2059 973 2123 scribi
1004 2062 1159 2144 potuisse,
1192 2059 1246 2124 sed
1269 2060 1308 2124 ab
1333 2057 1512 2135 „amaea”

320 2164 437 2231 lectore
459 2168 493 2230 in
516 2168 661 2252 margine
685 2167 736 2231 sui
760 2165 835 2230 libri
860 2163 1018 2249 adscripta
1040 2166 1170 2230 fuisse..

365 2377 444 2466 Peg.
478 2377 555 2443 278.
591 2379 605 2442 ὃ
635 2383 688 2443 ποῦ
720 2378 792 2451 Διὸς
823 2377 967 2448 κολοσσὸς
1001 2383 1142 2457 χαλκοῦς
1179 2379 1307 2455 nereca
1344 2379 1428 2453 μετὰ
1460 2375 1513 2442 ria

321 2483 479 2549 ῬοδίΩΝ.
526 2483 614 2550 Libri
637 2483 799 2550 meliores:
831 2486 890 2547 πῶν
914 2482 1041 2548 Ῥοδίων.
1077 2483 1155 2572 Lag.
1175 2485 1260 2559 μετὰ
1283 2483 1335 2547 πδν
1359 2483 1512 2550 ῬοδιΟΝ.

321 2588 375 2655 Sic
398 2593 483 2656 enim
507 2590 686 2675 appellatur
708 2597 741 2655 et
764 2589 777 2653 ί
803 2590 833 2652 έν
857 2591 962 2669 Ῥίδρ,
988 2596 1025 2654 nt
1047 2591 1081 2654 in
1103 2593 1321 2676 inscriptione:

592 2697 643 2761 σὸν
668 2697 697 2760 έν
721 2694 810 2776 Ῥίδῳ
834 2697 975 2761 κολοσσὸν
1000 2695 1104 2772 ἐξοίκις
1129 2696 1203 2762 δέκα

594 2801 696 2882 Χοίρης
720 2803 813 2866 ε’ποίει
837 2805 963 2884 πήχεων
987 2803 1000 2867 ί
1024 2803 1153 2876 Λίνδιος.

366 3015 510 3082 Historia
540 3015 784 3106 Partheniarum
809 3023 841 3080 et
864 3015 1036 3081 Phalanthi
1060 3037 1133 3103 pag.
1159 3015 1235 3083 278.
1260 3017 1436 3081 scribarum
1468 3035 1513 3080 er-

321 3122 444 3188 roribus
465 3128 554 3187 tanto
574 3142 666 3207 opere
686 3123 852 3187 obscurata
871 3130 919 3187 est
937 3130 975 3187 ut
994 3124 1070 3208 qnid
1091 3124 1219 3189 tandem
1236 3127 1279 3188 sit
1299 3127 1405 3188 actum
1420 3142 1514 3187 nemo

320 3228 492 3316 intelligat.
548 3229 721 3312 Apparebit
765 3234 873 3293 autem
908 3239 1031 3312 reperta
1066 3250 1141 3294 vera
1176 3229 1320 3295 lectione.
1378 3228 1511 3292 Editur:

320 3331 397 3404 ίσοις
422 3333 498 3421 (leg.
527 3329 601 3418 ίσοι)
629 3333 660 3398 δέ
685 3334 769 3398 κατὰ
801 3337 855 3407 την
879 3336 1025 3412 πρασείαν
1048 3336 1158 3408 παῖδες
1184 3337 1319 3413 ἐγένοντο
1343 3335 1511 3411 Παρθενίας

320 3439 449 3504 έκοίλουν
482 3439 534 3503 καί
566 3439 695 3514 οίπίμους
729 3437 863 3518 ἔκριναν·
897 3442 922 3505 oi
954 3441 979 3504 δ’
1012 3442 1065 3506 οὐκ
1096 3443 1304 3523 ἀνασχόμενοι
1337 3441 1458 3524 (πολλοὶ
1485 3441 1511 3506 δ’

320 3541 410 3626 ἦσαν)
426 3545 664 3625 ’ἐπεβούλευσαν
684 3555 745 3618 ποῑς
765 3552 818 3611 ποῦ
839 3547 953 3622 διίμου.
975 3549 1145 3626 αίσίίμενοι
1165 3547 1192 3612 δ’
1212 3547 1405 3628 ὑπέπεμψαν
1425 3571 1511 3620 τινας

320 3643 346 3716 oi
370 3652 564 3731 προσποιήσει
589 3653 700 3731 Φιλίας
725 3653 858 3728 ἔμελλον*
875 3651 1084 3731 ἐξαγγέλλειν
1104 3653 1155 3718 ria
1174 3654 1283 3734 πρέπον
1301 3661 1356 3728 πῆς
1382 3654 1511 3730 έπιβου·

319 3765 386 3831 λῆς.
422 3765 610 3823 ΤΟΤΤΩΝ
636 3758 664 3823 δ’
685 3754 719 3832 ἦν
741 3758 792 3822 καί
819 3758 986 3831 Φάλανθος.
1034 3759 1123 3826 Haec
1142 3763 1250 3826 omnia
1269 3759 1384 3826 mendo
1405 3765 1513 3826 carent

318 3869 351 3930 ot
380 3867 588 3953 integerrima
618 3870 702 3929 sunt.
749 3863 835 3952 Ergo
862 3873 992 3951 apparot
1021 3865 1239 3932 Phalanthum
1262 3870 1295 3932 in
1320 3887 1431 3932 eorum
1454 3887 1513 3932 nn·

318 3991 407 4036 moro
427 3971 543 4054 fuisse,
575 3973 630 4056 qui
657 3970 819 4036 subornati
844 3992 862 4036 a
883 3972 1002 4058 populo
1024 3971 1167 4036 simulato
1189 3973 1322 4038 amicitia
1344 3978 1512 4037 coniurato

317 4099 384 4142 πνοι
427 4077 554 4142 concilia
581 4077 772 4162 patefactura'
812 4085 905 4141 σσοοιί.
961 4076 1052 4158 Quod
1086 4079 1113 4144 si
1156 4077 1291 4144 firmiter
1332 4078 1513 4145 tenebimus

318 4183 480 4248 emendari
500 4189 651 4269 poterunt
668 4185 848 4268 sequentia:
874 4181 1033 4256 Φάλανθος
1054 4180 1147 4263 ίσπερ
1166 4187 1333 4251 ἘΔΟΚΕΙ
1354 4185 1510 4265 προςοίσης

319 4287 471 4368 ὑπάρχειν
496 4289 613 4368 αὐτῶν,
639 4292 690 4354 οὐκ
716 4287 856 4369 ἠρέσκετο
883 4299 939 4354 Ae
963 4291 1071 4362 οἱπλῶς
1096 4299 1159 4361 τοῖς
1184 4289 1251 4372 περὶ
1276 4301 1330 4365 τῆς
1355 4292 1510 4368 *Bootae

317 4395 616 4460 ὈΝΟΜΑΕέοῒσικ
669 4397 856 4460 Phocaeam
885 4397 1117 4461 Parthenioram
1147 4399 1209 4460 ιίυυ
1239 4405 1267 4462 σί
1297 4399 1512 4480 amnicarum

315 4527 376 4571 σιοσ
394 4517 584 4568 statamus
603 4503 732 4589 (inquit)
745 4549 753 4580 ,
766 4518 826 4568 sim
844 4525 903 4568 ιιοιι
918 4505 1078 4586 placebant
1100 4503 1160 4568 ον’-
1173 4521 1233 4572 suu
1255 4527 1315 4572 ιιοιι
1334 4505 1476 4589 molebat
1490 4537 1510 4554 -
