3304 5090
714 369 779 443 lta

194 560 276 648 Peg.
309 557 385 626 ³82.
419 559 536 635 πιόντες
566 562 792 646 ὀφρυόεντα
822 561 956 645 Κόρινθον
985 561 1121 646 είριίκατι
1154 560 1207 627 καί
1235 581 1340 642 παροι·

146 665 332 748 μιοέζονται·

425 773 559 855 Κόρινθος
582 775 682 860 όφρνᾷ
707 800 743 842 τε
767 777 821 843 καί
846 777 1046 844 κοιλαίνεται.

147 881 285 948 verbum
316 881 417 964 όφονᾷ
448 887 481 946 et
510 903 584 946 eum
615 880 730 949 Graeci
759 887 912 950 sermonis
942 883 1088 973 analogia
1116 885 1241 972 pugnat
1266 885 1341 950 sta

147 995 255 1054 metro
278 989 449 1073 respuitur.
497 986 726 1055 scribendum:

400 1093 535 1176 Κόρινθος
557 1094 704 1178 όφρνοέζει
727 1121 764 1162 τε
788 1095 841 1163 καί
861 1095 1059 1163 κοιλαίνεται.

194 1305 276 1392 Peg.
302 1301 379 1368 383.
423 1306 526 1374 Ἴωνες
550 1301 584 1382 έξ
608 1303 776 1376 Ἀθηναίων
795 1305 830 1370 τό
854 1303 941 1383 γένος
963 1303 1059 1378 όντες.
1095 1304 1219 1372 Natura
1240 1304 1287 1370 rei
1309 1306 1342 1370 et

149 1412 275 1478 dicendi
297 1430 374 1476 usus
397 1409 562 1496 postulant
583 1415 622 1476 ut
644 1411 801 1477 scribatur
824 1409 858 1487 ἐξ
881 1413 1011 1485 ’λθηνῶν
1029 1434 1086 1498 pro
1106 1410 1140 1488 ἐξ
1159 1411 1340 1488 Ἀθηναίων,

148 1535 276 1600 Attente
299 1533 432 1598 ortandi.
479 1531 580 1599 Vetus
602 1534 827 1619 compendium
850 1512 873 1598 tt
896 1535 954 1600 has
977 1535 1087 1599 turbas
1110 1535 1183 1600 dare
1205 1532 1295 1599 solet.

195 1643 327 1706 Prorsus
357 1639 444 1704 idem
475 1642 593 1705 vitium
625 1641 749 1706 obsidet
778 1639 885 1706 locum
917 1639 1115 1728 Thucydidis
1141 1639 1182 1705 Π.
1208 1637 1261 1704 15.
1285 1637 1341 1703 ubi

149 1753 199 1815 eat
223 1749 248 1813 οί
271 1746 331 1812 ἀπ’
354 1745 520 1821 Ἀθηναίων
539 1745 641 1820 Ἴωνες
664 1766 721 1832 pro
744 1744 804 1811 ἀπ’
830 1748 971 1822 Ἀθηνῶν.

193 1941 277 2030 Peg.
303 1939 380 2006 383.
401 1939 469 2006 Ἴονν
495 1939 526 2005 δὲ
551 1977 571 1992 -
584 1939 676 2015 οὕτως
700 1941 899 2019 εὐδοκίμησεν
918 1937 968 2008 ὦς’
989 1937 1165 2018 ἐπέτρεψαν
1183 1940 1266 2019 αὐτῶ
1285 1939 1341 2014 την

150 2055 359 2114 πολιΤΕΙΔΝ
385 2047 549 2122 Ἀθηναῖοι.
576 2049 591 2112 ό
614 2049 646 2113 δέ
670 2055 784 2127 πρῶτον
806 2050 863 2126 μέν
885 2049 927 2117 είς
946 2045 1098 2123 τέτταρας
1119 2046 1227 2127 φολόες
1248 2044 1342 2111 διεῖλε

151 2158 187 2221 τὸ
210 2155 327 2228 πλῆθος
353 2161 452 2218 effa
479 2155 520 2220 είε
544 2154 699 2235 τέτταρας
723 2155 820 2232 βίους.
855 2154 1004 2218 Primum
1024 2155 1145 2240 corrige
1165 2152 1341 2233 ἐπέτρεψαν

151 2264 234 2342 αὐτῷ
266 2261 323 2334 την
353 2259 472 2326 πόλΙΝ.
520 2259 643 2327 Turbes
673 2263 792 2327 iterum
824 2261 912 2326 dedit
943 2259 1164 2345 compendiosa
1185 2261 1342 2345 seriptnra

148 2377 201 2448 πθ.
247 2381 286 2448 In
321 2403 388 2467 sqq.
424 2381 548 2448 laborat
582 2385 754 2462 sententia3
794 2387 842 2449 est
871 2384 958 2448 enim
985 2403 1087 2446 unum
1119 2385 1152 2446 et
1179 2381 1266 2446 idem
1299 2380 1341 2453 είς
1475 2441 1477 2446 .

151 2491 306 2568 τέτταρας
331 2487 440 2570 φυλάς
464 2493 497 2554 et
519 2490 561 2560 είς
584 2489 738 2567 τέτταρας
762 2490 861 2569 βίους.
909 2488 1020 2575 Itaque
1042 2487 1273 2575 perabsurdum
1294 2492 1343 2553 est

149 2597 269 2664 dicere:
284 2597 418 2681 primam
440 2596 482 2666 είς
505 2595 632 2674 φυλάς,
657 2597 765 2662 danda
787 2599 829 2669 είς
854 2595 951 2674 βίους.
998 2594 1156 2660 Eruenda:
1177 2595 1191 2660 ί
1213 2594 1245 2660 δέ
1264 2599 1342 2675 πρῶ-

147 2727 198 2769 τον
220 2703 279 2781 μέν
308 2699 380 2767 εἴτ’
410 2704 453 2776 είς
475 2701 628 2785 τέτταρας
648 2703 756 2787 Φαλίας
779 2704 872 2768 διεῖλε
895 2702 930 2766 τὸ
954 2703 1067 2777 πλῆθος
1099 2702 1169 2768 τότ’
1204 2702 1246 2774 είς
1267 2699 1340 2765 τέτ·

147 2834 247 2893 ταρας
269 2810 368 2888 βίους.

195 3004 277 3093 Peg.
305 3003 382 3070 384.
414 3003 453 3072 de
477 3003 591 3071 Hebes
613 3004 764 3070 fluetibus
786 3005 901 3071 obruta
922 3005 1048 3071 seribit:
1072 2999 1288 3083 Ἐρατοσθένης
1312 3004 1344 3071 δέ

147 3111 203 3177 καί
238 3111 334 3184 αὐτὸς
368 3111 440 3176 idaia
469 3111 547 3194 φησί
579 3111 631 3176 τόν
658 3109 751 3176 τόπον
774 3109 826 3176 καί
851 3113 921 3184 τοὺς
945 3112 1098 3191 πορθμέας
1121 3109 1226 3188 λέγειν
1249 3109 1286 3184 ὦς
1311 3111 1342 3176 έν

148 3221 192 3299 τῷ
224 3219 305 3298 πόρερ
337 3220 414 3299 όρθθς
437 3219 553 3293 testacei
577 3219 728 3284 Ποσειδῶν
751 3217 890 3298 χοίλκεος
915 3217 996 3300 έχων
1020 3215 1277 3293 iratissumis
1301 3227 1341 3300 τῇ

147 3327 240 3407 χειρί.
277 3324 493 3413 incongruum
515 3331 564 3391 est
587 3327 688 3399 έςθκει
707 3346 764 3411 pro
785 3322 885 3401 ἕςηκε.
920 3324 1035 3392 Strabo
1055 3324 1183 3390 dederat
1203 3323 1341 3404 έτιίκοῐ,

147 3439 187 3498 ut
216 3431 298 3498 solet
329 3435 491 3517 optativus
520 3433 596 3517 poni
627 3432 684 3497 ubi
711 3432 881 3517 quiequid
905 3452 944 3497 ex
967 3430 1070 3498 aliena
1092 3450 1224 3517 persona
1246 3431 1343 3500 refert
1401 3463 1402 3468 ¹

148 3541 339 3624 praesertim
359 3538 388 3602 ον’
409 3538 471 3622 ipsi
493 3561 593 3603 οοοοιοι
615 3559 674 3602 κοα
697 3560 758 3603 ease
779 3535 909 3603 οόόοόιιν.

192 3749 274 3838 Peg.
309 3747 386 3814 388.
414 3747 506 3823 νομαί
538 3748 683 3826 δαψιλεῖς
716 3745 768 3810 καί
801 3743 926 3824 μοίλιςα
957 3741 1062 3819 ἵπποις
1093 3746 1146 3812 καί
1178 3745 1250 3819 όνοις
1276 3753 1340 3819 τοῖς

147 3853 380 3933 ίπποβοίτΟΙΟ.
439 3852 603 3920 Sententia
641 3852 783 3940 postulat
819 3858 857 3919 ut
887 3851 1104 3931 ίπποβότλῐῦ
1137 3853 1339 3920 rescribatur.

148 3960 258 4028 Simili
289 3961 403 4027 erroris
434 3980 550 4048 genere
579 3959 755 4026 Kramerue
783 3979 1023 4046 nonnumquam
1044 3962 1161 4028 retinet
1183 3958 1340 4025 adieetiva

147 4071 181 4133 in
212 4107 255 4116 -
285 4069 403 4148 βατος,
436 4067 493 4131 ubi
522 4073 637 4132 natura
666 4067 781 4132 rei-
813 4065 904 4142 βοτος
927 4069 1076 4152 requirit,
1102 4071 1140 4130 ut
1161 4085 1234 4153 pag.
1262 4062 1339 4133 771.

148 4174 354 4252 λεοντόβθίτοο
377 4173 403 4238 θ’
427 4173 472 4243 tet
498 4173 541 4238 τοὶ
564 4173 683 4254 χωρία·
707 4180 780 4243 ταῖς
803 4171 829 4236 θ’
854 4171 913 4238 ὑπὸ
937 4174 1022 4246 κυνός
1046 4173 1189 4247 ἐπιτολὴν
1214 4173 1340 4254 ἡμέραις

150 4281 208 4347 virt
239 4282 388 4347 κανιθποιν
415 4281 567 4359 μενόλαν
599 4278 797 4358 έξελαθνεται
826 4280 869 4345 τός
893 4281 978 4362 θηρία
1003 4281 1037 4344 ἐκ
1060 4285 1118 4344 τῶν
1141 4281 1259 4360 τόπων,
1283 4282 1341 4348 ubi

149 4389 297 4456 Kramer.
331 4388 467 4466 „malim
498 4387 633 4453 seribere
661 4384 849 4466 λεοντόβοτα
881 4393 919 4452 ut
941 4408 1017 4475 pag.
1042 4381 1136 4454 tw
1159 4390 1250 4473 quasi
1272 4387 1340 4454 ulla

150 4495 188 4562 de
218 4515 256 4562 ea
279 4515 314 4560 re
337 4495 438 4580 possit
462 4515 528 4561 esse
552 4495 721 4561 dubitatio.
769 4492 855 4573 Quae
878 4497 967 4583 regio
991 4494 1096 4560 leones
1118 4492 1178 4560 alit
1202 4494 1340 4582 (λέοντας
