3304 5090
697 373 760 444 195

155 561 204 627 ύτί
232 565 296 626 τοῦ
330 560 490 643 σατροίπου
522 571 580 629 τῶν
611 568 742 646 Περσῶν.
796 565 919 632 Sumsit
949 565 1063 636 Strabo
1094 567 1262 634 historiam
1291 569 1324 634 et

154 676 278 755 satrapae
299 688 416 735 nornen
438 691 477 736 ex
499 670 655 738 Herodoti
679 673 762 739 libro
785 671 842 739 III.
870 673 935 740 120
958 695 1023 760 sqq.

188 877 259 966 Peg.
285 876 360 956 652.
391 879 572 958 δημοκηδεῖς
595 881 621 946 δ’
646 881 721 947 sirie
744 885 769 947 οί
796 883 898 950 ‘Pitana
923 882 1032 964 καίπερ
1057 887 1088 950 ού
1115 882 1322 966 δημοκρατού-

151 1008 231 1062 μενοι.
255 1023 294 1033 -
319 987 345 1050 οί
368 985 485 1066 εύποροι
509 987 581 1069 τοὺς
605 987 712 1060 ἐνδεεῖς
735 988 1010 1069 ὑπολαμβάνουσιν
1031 987 1089 1055 iter
1110 991 1166 1056 τινί
1188 992 1322 1072 πατρίῳ,

149 1093 321 1168 λειτουργίαι
351 1091 387 1156 τέ
418 1095 496 1164 τινές
527 1094 602 1158 etro
632 1095 897 1177 ύψωνιαζύμενΟΙ.
945 1095 1065 1161 Haeret
1095 1098 1129 1160 in
1159 1095 1219 1162 hoc
1253 1095 1323 1162 loco

148 1194 263 1274 Editor,
295 1198 350 1262 sed
376 1197 459 1263 nihiI
482 1201 564 1265 inest
588 1200 786 1266 difficultatis
810 1205 837 1267 si
861 1200 970 1268 Gorais
993 1203 1219 1268 correctionem
1242 1203 1324 1282 ὀψω-

148 1301 319 1384 ιιοζίμενλῐ
349 1309 512 1390 receperis.
559 1305 620 1372 lua
650 1314 752 1374 aetate
783 1309 865 1374 nihil
895 1311 1028 1374 interest
1049 1310 1133 1373 inter
1154 1310 1269 1388 ὀψώνια
1293 1313 1325 1372 et

147 1409 258 1485 μισύίςε
288 1413 398 1497 itaque
427 1412 615 1494 λειτουργίαι
646 1413 890 1496 ύψωνιαζίμεναι
914 1419 988 1481 sunt
1011 1416 1075 1479 ἀνθ’
1100 1410 1138 1479 ὦν
1161 1415 1267 1490 μιούὸς
1291 1413 1325 1477 ἐκ

146 1519 194 1579 τοῦ
214 1515 355 1594 δημοσίου
379 1515 511 1595 estavar,
536 1523 569 1583 et
591 1520 636 1584 sic
659 1521 834 1586 rectissime
858 1521 1001 1586 additur:
1027 1516 1097 1584 ὥσθ’
1119 1517 1190 1598 ἅμα
1215 1519 1266 1584 τίν
1289 1543 1324 1584 τε

145 1621 254 1696 πένητα
297 1622 381 1702 ἔχειν
424 1626 478 1698 τὴν
522 1623 688 1706 διατροφὴν
730 1627 782 1691 καί
826 1630 881 1702 τίον
922 1625 1012 1691 πόλιν
1046 1632 1105 1692 τῶν
1138 1633 1247 1708 χρειῶν
1280 1627 1324 1704 μίν

146 1731 322 1810 νοαίυςερεῑν.

181 1938 258 2028 Peg.
293 1934 370 2004 660.
403 1940 437 2004 ἐκ
466 1941 574 2006 τούτου
607 1941 639 2006 δὲ
671 1941 857 2030 (Labienus)
889 1943 939 2008 ἐπί
972 1945 1027 2018 τὴν
1058 1941 1147 2008 πόλιν
1172 1941 1326 2030 (Mylasa)

140 2043 265 2126 ύρμιροΕ
295 2043 457 2123 τύγματα
490 2047 570 2126 ἔχων
603 2049 656 2122 ἤδη
689 2048 930 2127 συντεταγμένα
961 2050 1117 2126 Ῥωμαίων
1148 2055 1207 2114 τῶν
1236 2049 1265 2112 ἐν
1287 2057 1325 2131 τῇ

141 2152 240 2236 Ἀσία.
290 2151 466 2238 Interprest
493 2202 510 2231 „
537 2155 667 2219 cohortes
688 2177 783 2219 secum
805 2155 964 2219 instructae
982 2156 1090 2220 ύιιοοαε
1109 2155 1326 2238 Rornanorum,

138 2261 186 2345 qai
215 2260 249 2322 ίιι
278 2258 355 2324 Aria
387 2260 499 2324 erant.''
549 2261 690 2326 Coiertee
713 2281 731 2326 a
753 2259 906 2327 Strabone
928 2262 1046 2346 ubique
1070 2266 1248 2326 constanter
1270 2279 1325 2345 ap-

137 2365 294 2450 pellantur
325 2373 467 2447 σπεῖραι,
502 2368 675 2452 eademque
700 2365 1059 2445 constantissimam
1084 2368 1201 2452 ubique
1224 2367 1326 2432 nomi·

136 2477 189 2536 nat
220 2472 359 2553 ίορὶοιιοο.
390 2477 428 2536 ut
458 2493 531 2560 pag.
567 2472 642 2540 167.
670 2476 687 2548 ἡ
713 2473 804 2546 λοιπίρ
831 2471 1012 2558 (Hispania)
1040 2472 1097 2538 ὑπὸ
1120 2475 1162 2552 τῷ
1187 2472 1326 2551 ὑπατικῷ

137 2577 262 2655 ἥγεμύνι
287 2578 418 2658 ςρατιοίν
442 2604 476 2644 τε
499 2577 601 2660 ἔχοντι
626 2578 788 2656 ύξιίλογυν
812 2585 898 2657 τριῶν
921 2603 979 2643 που
999 2585 1254 2644 ΤΑΓΜΑΤΩΝ
1274 2577 1327 2641 καί

136 2685 333 2764 πρεσβευτὰς
357 2693 453 2765 τρεῖς·
483 2681 520 2750 ὦν
546 2687 560 2750 ὅ
588 2686 643 2762 μὲν
673 2685 723 2749 δύο
750 2684 830 2766 ἔχων
862 2684 1086 2768 τοίγματα,
1117 2689 1330 2764 παραφρουρεῑ

136 2793 188 2866 τὴν
218 2789 315 2870 πέραν
345 2797 399 2856 τοῦ
426 2795 569 2871 Δουρίου,
597 2830 638 2841 -
664 2793 718 2862 τὴν
743 2789 770 2855 δ’
798 2790 866 2868 ἑξῆς
891 2793 1051 2871 παροίρειον
1073 2789 1168 2872 μέχρι
1192 2787 1327 2868 Πυρήνης

137 2899 149 2962 ὁ
175 2897 312 2976 δεύτερος
336 2903 393 2962 τῶν
417 2898 614 2976 πρεσβευτῶν
638 2897 724 2975 μετὰ
748 2901 801 2960 τοῦ
827 2895 926 2972 ἐτέρου
958 2895 1193 2973 τάγματος,
1227 2898 1328 2961 etsie

135 3006 252 3089 ubique
274 3003 418 3090 legiones
442 3004 602 3070 Romanae
625 3003 786 3080 παίγματα
808 3005 1023 3066 nominantur.
1071 3000 1246 3078 Labienus,
1271 3003 1328 3087 qui

137 3108 230 3198 Syrio
253 3113 376 3194 potitus
400 3107 548 3176 Ciliciam
573 3111 740 3195 occupavit
762 3109 890 3182 καὶτῆς
915 3106 1028 3178 Ἀσίας
1049 3108 1108 3173 τοὶς
1130 3107 1328 3187 ἠπειρώτιδας

136 3217 243 3286 πόλεις
274 3219 492 3294 παροςνίσατο,
524 3214 631 3304 legato
658 3217 790 3280 Antonii
813 3213 931 3278 Planco
955 3233 993 3278 ex
1016 3215 1093 3278 Asia
1115 3213 1223 3298 pulso,
1247 3215 1328 3288 rabo

137 3323 390 3400 Στρατονικειάς·
424 3323 467 3387 τοὶ
498 3323 554 3399 μὲν
586 3329 705 3389 πλείςα
736 3319 807 3385 οίνευ
839 3319 993 3396 πολέμου,
1030 3321 1174 3383 Μύλασα
1211 3319 1242 3384 δὲ
1274 3318 1326 3383 καί

136 3427 328 3506 Ἀλάβανδα
362 3427 413 3493 διὰ
444 3431 582 3494 κινδύνων
613 3428 704 3503 iactr,
737 3433 818 3492 teste
848 3425 949 3490 Dione
973 3421 1081 3490 Cassio
1105 3423 1249 3490 XLVIII.
1273 3422 1328 3491 26.

136 3541 241 3600 tantas
263 3556 314 3600 res
336 3537 437 3622 gessit
459 3554 522 3599 non
547 3536 698 3612 „cohortes
722 3535 885 3596 instructas
906 3554 1004 3596 secam
1027 3531 1152 3595 doeena''
1176 3531 1230 3596 sed
1249 3531 1329 3618 Iegi-

135 3663 210 3708 ones
240 3643 362 3708 civium
395 3639 612 3706 Romanorum
643 3661 682 3705 ex
715 3639 809 3726 Syria
839 3645 872 3703 et
903 3639 981 3703 Asia
1014 3637 1171 3703 collectas.
1218 3636 1329 3721 Itaque

134 3749 232 3833 periit
260 3771 400 3812 υυινιονυε
422 3748 607 3835 legionum,
629 3727 726 3833 quoni
748 3749 782 3810 in
806 3744 923 3810 ultime
945 3743 1039 3810 litera
1064 3745 1174 3810 aoristi
1196 3739 1328 3822 ύρμνσε

135 3853 235 3919 latere
265 3857 426 3940 suspicor,
458 3861 496 3918 ut
527 3851 640 3919 Strabo
671 3853 850 3938 scripserit:
882 3848 1000 3931 ύρμνοε
1032 3837 1065 3914 ’θ’
1096 3847 1215 3929 (πέντε)
1245 3845 1328 3925 τύγ-

137 3983 229 4036 ματα
254 3957 343 4039 ἔχων.

185 4169 266 4258 Peg.
300 4167 378 4235 667.
406 4207 448 4218 -
473 4171 532 4248 οὐχ
558 4167 790 4246 ὁμολογούμενα
813 4166 956 4246 λέγουσιν
980 4165 1121 4246 Ὁμήρῳ·
1146 4164 1327 4241 βελτίΟΤΕ

139 4282 165 4347 δ’
195 4281 221 4343 ri
249 4277 426 4350 Φύσκοντες
457 4275 605 4352 λέγεσθαι
638 4275 797 4351 Σολύμους
827 4312 869 4323 -
894 4275 964 4345 τοὺς
989 4277 1038 4337 νύν
1062 4271 1199 4342 Μιλύας.
1248 4270 1326 4360 Leg.

140 4385 306 4464 βέλτιοΝ.
331 4383 397 4449 vid.
423 4383 462 4448 ad
486 4403 560 4471 pag.
585 4380 614 4448 7.
652 4381 773 4446 Iterum
795 4383 839 4446 sio
859 4388 1000 4446 erratum
1020 4379 1143 4444 videbis
1162 4399 1236 4465 pag.
1251 4376 1326 4444 696.

142 4493 321 4571 βελτίΟΤΟ
352 4490 378 4554 δ’
402 4491 427 4554 oi
451 4490 502 4554 τὸν
527 4488 607 4564 ἥλιον
631 4487 802 4566 αίτιύμενοι
826 4488 879 4553 καί
902 4489 956 4563 τὴν
980 4483 1014 4562 ἐξ
1037 4487 1131 4550 αὐτοῦ
1155 4486 1327 4550 ε’πίιοοιυσιν.
