3356 5086
725 361 789 436 ael

475 557 654 628 ”Acharrae
677 558 816 637 όυγιότνρ
841 553 1024 638 όλοόΦρονος.

163 661 291 724 coniecit
319 662 425 726 neecio
455 663 527 744 quie
557 661 739 744 όλοόΦρΩΝ
771 683 838 729 esee
868 663 1068 728 scribendum
1101 669 1134 731 ct
1163 665 1345 730 annotavit:

164 764 338 844 έγέγραστο
350 765 436 830 aare
449 767 503 840 τέρν
514 768 654 847 degatur
666 771 792 851 γραΦέρν
807 777 1043 834 ΟΛΟΟΦΡΟΝ
1057 773 1127 856 (pro
1138 768 1343 853 όλοόΦρΩΝ).

163 867 230 936 atro
257 895 304 944 τις
333 873 378 948 μὴ
409 874 517 946 νοήσας
549 875 712 954 προσέθηκε
743 874 778 939 τό
807 875 1180 963 00.υ1οι1οι1ρυσ.λ.
1206 875 1281 941 215.
1307 883 1345 956 τῇ

163 976 281 1058 ἀρχαίᾳ
318 977 458 1060 συννόεόρι
492 977 671 1059 ἐγέγραπτο
701 989 845 1046 ΜΕΤΕΡ
878 980 947 1044 daal
981 985 1034 1045 τοῦ
1065 989 1226 1048 ΜΗΤΗΡ.
1256 984 1345 1046 τοῦτο

163 1083 313 1160 ἀγνοήσας
338 1107 386 1155 τις
409 1083 572 1164 τροσέόνιιε
594 1087 629 1151 τό
653 1097 692 1154 Α.
718 1093 750 1152 et
774 1086 860 1152 dedit
885 1086 1018 1166 μητέρα.

204 1187 329 1254 Addam
349 1189 490 1256 similem
510 1193 685 1258 Aristarchi
706 1192 1031 1276 animadversionem,
1051 1192 1091 1257 ad
1110 1191 1201 1257 Iliad.
1213 1201 1255 1256 Α.
1270 1189 1346 1256 104.

339 1291 361 1358 ό
383 1296 454 1360 τοτ’
477 1294 649 1378 Ἀχιλλεὺς
663 1337 705 1348 -
719 1299 783 1374 een
808 1297 954 1377 μόσχοισι
978 1297 1136 1376 λόγοισιν·

164 1399 349 1466 adscribitur
383 1422 421 1466 ex
454 1403 650 1470 Aristonico:
683 1408 699 1481 ἡ
731 1405 825 1480 διπλῆ
860 1405 1078 1484 τοριοτιγμένη
1107 1400 1153 1468 όσι
1185 1402 1347 1478 Ζηνόδοτος

164 1504 277 1586 γριέφει
307 1507 384 1572 ὈΝ
416 1509 485 1594 (pro
514 1506 588 1594 Ὦ).
620 1510 742 1586 μήποτε
770 1511 801 1574 δέ
825 1509 1026 1584 τετλιόνιρται
1049 1507 1271 1590 γεγραμμένου
1294 1509 1348 1573 τοῦ

166 1613 263 1676 Οότ’
287 1613 444 1692 ἀρχαϊκῆς
468 1615 626 1690 σορμοισόας
649 1615 718 1682 daal
743 1621 796 1682 τοῦ
822 1625 857 1680 Ω
880 1615 1016 1694 οτροσόεὶς
1039 1615 1074 1678 τὸ
1093 1621 1135 1679 Ν.
1159 1614 1222 1680 Pro
1245 1637 1347 1691 σνμα·

165 1717 230 1790 σιάς
261 1720 296 1784 in
327 1717 484 1785 Μοοωοσ.
510 1717 608 1785 1873.
632 1741 706 1810 pag.
732 1719 784 1786 37.
811 1722 1009 1808 corrigebam
1031 1721 1209 1796 συνηθείας,
1233 1724 1349 1786 imme·

164 1843 230 1890 mor
259 1823 385 1890 hehraii
415 1829 449 1888 de
478 1829 517 1890 A.
547 1826 577 1891 S.
611 1825 653 1890 Η.
684 1847 757 1914 pag.
794 1825 870 1892 372.
901 1827 958 1911 qui
987 1828 1129 1912 apposite
1153 1827 1349 1912 comparavit

164 1929 336 1994 amtmchi
359 1933 467 1994 notam
490 1932 523 1994 in
547 1929 675 1998 Scholia
698 1933 738 1996 ad
761 1931 890 1996 Pindar.
914 1931 1001 1996 Nem,
1024 1931 1048 1994 l.
1075 1929 1135 1996 34:

296 2033 439 2114 λέλογχε
462 2035 494 2100 δέ
517 2035 730 2117 μεμφομένοις
754 2038 867 2101 dehoc
891 2033 965 2115 ὕδωρ
989 2038 1096 2117 καπνῷ
1120 2036 1233 2117 Φέρειν.

165 2138 390 2206 νωιταλεότεσαι
425 2139 456 2205 δὲ
491 2151 530 2224 τῇ
566 2142 690 2225 αρχαόμ
724 2143 867 2226 σιρμαοόρι
900 2144 935 2207 τὸ
971 2144 1092 2208 lotoe.
1128 2143 1144 2216 οἱ
1174 2143 1237 2222 γόιρ
1265 2144 1350 2209 darl-

164 2251 270 2324 τροφος
294 2246 411 2326 ἀπῄτει
434 2247 468 2312 τὸ
489 2257 515 2311 Τ
537 2249 711 2331 (ἐσλοΤΟ,
735 2248 819 2333 quod
838 2268 858 2313 a
875 2253 977 2314 metro
996 2247 1176 2333 postulatur
1194 2249 1350 2335 hodieque

165 2349 304 2438 legitur.)
324 2351 435 2437 ltaque
459 2354 618 2430 σημασίας
639 2375 701 2418 non
721 2359 789 2419 erat
807 2353 1005 2441 tangendum
1024 2354 1079 2419 aad
1098 2353 1174 2419 ‘Tss'
1194 2356 1349 2436 ἀρχαϊκῆς

166 2455 320 2534 canocice
345 2461 460 2524 vitiose
484 2460 609 2524 dictum
631 2465 679 2524 eat
701 2479 757 2544 pro
781 2459 856 2524 'en'
879 2461 1047 2540 ἀρχαϊκῆς.
1083 2459 1148 2525 Diu
1171 2466 1243 2546 poet
1265 2462 1351 2527 Arie-

165 2563 310 2630 terchum
344 2564 542 2648 Ἀλέξανδρος
577 2567 591 2631 ὃ
622 2565 777 2638 Κοτυαεύς
812 2585 851 2630 ex
882 2565 1026 2632 eiusdem
1056 2566 1104 2630 rei
1134 2565 1351 2634 observatione

165 2672 304 2735 restitnit
327 2669 434 2736 locum
457 2673 491 2736 in
514 2670 607 2736 Iliad.
632 2679 666 2738 Ξ.
690 2669 768 2735 241.

433 2779 476 2856 σῷ
501 2801 552 2842 κεν
574 2776 756 2856 έτισχοιἜΟ
779 2777 927 2857 λιπαροὺς
950 2775 1059 2848 τόδας.

166 2880 205 2960 τῷ
239 2880 464 2960 έτόσχοιμι
498 2882 629 2970 (iuquit)
665 2881 828 2946 σέαόλουόόν
863 2883 907 2949 έςι
944 2882 979 2946 τό
1020 2881 1231 2961 έτόσχσις,
1266 2891 1351 2949 Tm

166 2983 196 3050 d?
233 2986 453 3066 έστισχοόιρν
487 2997 547 3053 ΤΟ
584 2990 643 3072 (sic
679 2986 786 3072 scrib.)
823 2988 1063 3068 έτισχοόορς.
1099 2987 1151 3051 act
1188 2987 1259 3061 lacer
1294 2987 1353 3056 ἔδει

165 3087 255 3164 οὕτως
280 3089 374 3173 ἔχειν.
399 3102 652 3160 ΠΑΡΕΦΘΛΡΗ
676 3093 707 3158 δέ
731 3093 790 3158 ὑπὸ
813 3098 871 3158 τῶν
895 3092 1285 3173 μεταχαρακτνρισιέντων.

208 3197 402 3264 Etiamnunc
422 3221 460 3265 en
481 3200 630 3288 diligenti
651 3199 747 3264 huius
763 3201 810 3264 rai
829 3199 1046 3264 observatione
1066 3201 1156 3264 criaia
1174 3202 1353 3266 carminum

165 3302 409 3370 Homericomm
435 3305 550 3370 multia
573 3305 677 3369 modia
700 3305 845 3370 adiuvari
867 3308 981 3390 potest.
1017 3303 1054 3368 In
1077 3310 1207 3390 promtu
1230 3326 1355 3391 semper

165 3409 345 3477 habendum
375 3413 410 3476 in
440 3430 502 3494 quo
529 3431 643 3497 genere
666 3411 820 3476 vitiorum
843 3411 869 3474 οἱ
894 3409 1268 3490 μεταχαρακσνρόοανσες
1293 3413 1353 3475 im-

165 3518 309 3603 pegerint
340 3517 558 3600 potissimum,
590 3521 622 3581 ct
653 3519 698 3581 eia
728 3519 854 3602 saepius
884 3520 940 3581 ant
970 3535 1046 3582 vera
1070 3515 1165 3580 lectio
1188 3515 1355 3602 effulgebit

166 3625 220 3684 ant
241 3620 421 3686 emendatio
440 3617 687 3685 confirmabitur.
720 3617 880 3686 Confundi
898 3625 1044 3706 poterant
1063 3625 1095 3685 et
1115 3621 1260 3686 confusae
1279 3625 1354 3686 aunt

166 3725 286 3792 vocales
306 3724 602 3812 brereaaclongae
625 3734 1176 3802 e—el-H,.0-0T-ss,
1201 3735 1353 3791 θΙ-ΗΙ

166 3838 196 3898 et
227 3840 270 3897 01
287 3869 329 3879 -
343 3841 405 3896 ΩΙ.
442 3831 532 3910 Quod
561 3829 701 3897 Homero
723 3830 824 3897 aemel
846 3835 879 3896 et
901 3834 1020 3896 iterum
1043 3830 1241 3896 reddidimus
1263 3828 1352 3896 πόλιν

165 3946 334 4004 ΤΡΩΙΗΝ
358 3937 487 4022 (Τρῳῖρν)
512 3957 569 4023 pro
592 3937 718 4016 Τροένν,
742 3938 800 4003 ubi
821 3936 1024 4002 Aristarchus
1048 3935 1262 4023 τρισυλλάβως
1282 3957 1353 4002 con·

165 4050 213 4110 tra
242 4043 423 4130 analogiam
454 4043 564 4122 Τροΐαν
593 4043 780 4128 reponebat,
807 4042 896 4107 videa
919 4063 999 4127 quae
1022 4045 1065 4108 eit
1088 4043 1205 4109 ueteris
1227 4062 1352 4128 corrup·

164 4150 245 4217 telae
268 4152 359 4236 origo
383 4153 415 4213 et
437 4169 540 4214 causa.
563 4147 642 4214 llrat
664 4151 751 4214 enim
773 4151 807 4212 in
829 4147 921 4214 libris
943 4151 1081 4215 vetustis
1106 4155 1276 4214 ΤΡΟΙΕΝ.

208 4255 326 4322 Editur
348 4274 431 4319 nunc
453 4253 544 4320 Iliad.
570 4262 609 4318 H.
635 4253 712 4319 238.

541 4369 678 4438 νωμῆσαι
702 4358 765 4438 βῶν
789 4357 954 4439 Ἀζαλέιρν.

164 4467 344 4556 Didymus:
377 4474 516 4543 νωμῆσαι
546 4464 628 4544 βῶντ
657 4461 751 4536 οὕτως
775 4463 808 4527 αἱ
833 4463 1020 4545 Ἀριςοόρχον
1043 4472 1137 4529 ΒΩΝ
1162 4463 1217 4530 σὺν
1240 4466 1282 4546 τῷ
1305 4475 1355 4544 Ν,
