3296 5104
872 297 914 374 40

823 490 900 580 Gap.
924 493 981 560 III.
1084 497 1086 500 ’

697 714 815 772 ΚΑΤΑ
840 711 1047 772 ΦΙΛΙΠΠΟΤ
1073 717 1112 772 Δ.

356 919 436 1008 Peg.
470 918 545 984 142.
580 917 631 985 18.
663 920 730 998 ἐμοὶ
761 921 824 999 γὰρ
857 920 950 992 οὐδεὶς
968 917 1077 1000 Ἰοὕτως
1101 918 1205 992 ἅθλιος
1230 918 1292 986 οὐδ’
1318 919 1397 996 ὠμὸς
1427 914 1530 983 εἶναι

312 1028 395 1092 δοκεῖ
426 1027 481 1102 τὴν
517 1026 659 1105 γνώμην,
692 1025 795 1092 οὔκουν
828 1027 992 1101 Ἀθηναίων
1025 1052 1085 1104 γε,
1122 1022 1219 1115 [οἶμαι
1252 1027 1327 1090 ἀλλ’
1350 1025 1419 1091 οὐδὲ
1453 1028 1530 1089 τῶν

311 1133 430 1220 ἄλλων]
469 1129 526 1201 (iss
561 1132 725 1198 λυπεῖσθαι
761 1137 868 1197 ταῦτα
899 1131 1125 1211 λαμβάνοντας
1158 1135 1226 1214 ὀρῶν
1258 1135 1327 1204 τοὺς
1358 1130 1527 1211 ἀπόρους.

313 1238 416 1319 Quam
447 1239 590 1323 primum
620 1239 793 1304 absurdum
825 1239 986 1305 emblema
1016 1261 1172 1328 expungo.
1220 1237 1345 1304 Mirum
1366 1259 1437 1302 non
1468 1239 1528 1303 vi-

238 1364 241 1372 *
312 1346 395 1411 disse
419 1343 564 1409 Editores
586 1344 663 1410 haee
687 1344 827 1410 adversis
850 1345 1008 1411 frontibus
1029 1349 1113 1411 inter
1136 1367 1169 1412 se
1192 1365 1345 1433 pugnare.
1389 1342 1527 1408 Orator

313 1452 352 1518 de
376 1451 525 1518 omnibus
543 1450 727 1516 hominibus
747 1451 781 1515 id
801 1451 904 1517 dicere
922 1453 1123 1528 instituerat,
1144 1451 1198 1517 sed
1217 1473 1256 1516 ne
1275 1453 1377 1515 nimia
1397 1449 1526 1514 dicere

313 1556 491 1632 videretur,
506 1556 545 1621 ad
560 1555 642 1622 solos
654 1557 863 1622 Athenienses
874 1558 955 1623 bane
966 1558 1175 1644 benignitatis
1187 1555 1315 1621 laudem
1328 1556 1521 1622 revocavit.

313 1660 505 1748 Supervenit
538 1668 648 1748 postea
679 1661 779 1728 lector
813 1662 946 1748 aliquis,
982 1663 1115 1729 candida
1146 1665 1269 1740 anima,
1303 1681 1365 1747 quo
1396 1659 1523 1724 iudice

312 1766 371 1833 illa
392 1768 463 1834 laus
486 1769 635 1834 omnibns
657 1768 842 1835 hominibus
864 1770 1024 1854 impertiri
1048 1769 1191 1834 debebat.

359 1947 396 2013 In
415 1952 537 2035 optimo
556 1949 579 2016 S
598 1973 660 2017 non
679 1955 727 2017 est
745 1951 842 2017 huius
861 1951 1071 2017 additamenti
1089 1973 1147 2017 nec
1161 1949 1302 2018 volanae
1314 1951 1516 2036 vestigium.

358 2129 474 2198 Mirari
503 2131 588 2198 soleo
617 2152 714 2218 quam
743 2153 857 2218 parum
886 2131 1033 2198 Editores
1064 2133 1098 2196 in
1121 2132 1304 2197 testimonio
1330 2127 1464 2197 Oodieis
1491 2127 1517 2194 S

311 2235 365 2302 vel
394 2238 590 2303 admittendo
620 2239 673 2304 vel
694 2257 757 2304 non
780 2236 978 2303 admittendo
1001 2237 1063 2302 sibi
1088 2242 1240 2303 constent.
1288 2235 1386 2302 Modo
1410 2238 1510 2300 enim

314 2342 465 2409 lectiones
495 2345 664 2410 manifesto
689 2347 838 2421 vitiosas,
870 2363 950 2428 quae
980 2346 1015 2408 in
1044 2343 1110 2409 solo
1141 2341 1164 2407 S
1195 2343 1357 2418 feruntur,
1390 2341 1515 2427 cupide

314 2451 486 2534 recipiunt,
510 2450 607 2515 modo
630 2453 818 2535 scripturas,
843 2469 922 2535 qnae
945 2467 1054 2514 omnes
1077 2449 1196 2514 babent
1218 2467 1366 2513 numeror
1389 2451 1516 2513 verita

315 2556 374 2632 tis,
406 2574 425 2618 a
456 2550 571 2620 Codice
601 2555 724 2621 oblatas
747 2560 962 2640 aspernantur.
1009 2553 1183 2638 Utriusque
1206 2556 1318 2619 erroris
1341 2553 1515 2639 complura

315 2659 462 2745 exempla
483 2661 566 2726 infra
589 2660 797 2747 proferemus.

358 2766 465 2832 Etiam
498 2768 590 2852 peius
624 2773 673 2832 est
706 2787 806 2852 quum
840 2765 948 2832 futilia
983 2765 1192 2844 emblemata,
1226 2769 1325 2832 etiam
1357 2787 1394 2831 ea
1425 2785 1510 2851 quae

315 2879 422 2958 aperte
440 2893 514 2937 eum
533 2871 756 2938 Demosthenis
775 2874 930 2937 sententia
950 2878 1113 2960 pugnant,
1130 2892 1324 2957 qnamqnam
1336 2875 1370 2936 in
1382 2875 1510 2956 opt-imo

316 2983 398 3044 teste
416 2997 572 3063 nusquam
592 2983 791 3063 comparent,
812 2982 920 3043 tamen
940 2979 1144 3065 pertinaciter
1161 2983 1198 3044 ut
1215 2979 1275 3045 boe
1292 2976 1361 3044 loco
1376 2979 1511 3044 haerere

317 3084 474 3150 videmus.

361 3264 576 3332 Simillimum
597 3266 674 3330 hnic
696 3265 952 3331 additamentum
974 3265 1095 3331 latebat
1118 3265 1200 3352 apud
1225 3265 1388 3332 Iulianum
1412 3267 1441 3330 ἐν
1464 3268 1506 3346 τῷ

316 3372 510 3450 praestana
534 3393 606 3459 pag.
634 3369 709 3436 337.
734 3389 763 3437 Β.
788 3372 855 3448 ἐμοὶ
882 3371 912 3436 δὲ
932 3372 1121 3452 ἀπαγορεύει
1140 3373 1153 3435 ὃ
1174 3371 1263 3451 νόμος
1283 3372 1333 3436 ἐπ’
1353 3371 1504 3449 ὀνόματος

317 3476 430 3562 [ὥσπερ
462 3473 549 3556 οἶμαι
579 3477 720 3549 καὶτοῖς
745 3474 852 3550 ἄλλοις
877 3475 1009 3566 ἅπασιν]
1037 3480 1206 3544 αἰτιᾶσθαι.
1252 3479 1363 3545 Nonne
1386 3480 1504 3564 perspi·

316 3605 414 3650 euum
437 3589 485 3650 est
508 3584 587 3650 duos
609 3585 662 3649 hic
685 3584 831 3650 homines
854 3582 964 3670 loqui?

360 3766 441 3854 Pag.
467 3764 543 3830 142.
568 3763 620 3832 24.
647 3761 720 3831 irco
743 3767 778 3832 rb
802 3766 864 3831 derb
888 3773 946 3830 τῶν
971 3772 1071 3831 νοννῶν
1095 3764 1158 3837 ἔθος
1181 3765 1231 3830 ἐπὶ
1256 3767 1297 3832 τὰ
1323 3767 1384 3832 ibex
1404 3791 1503 3844 μεταν-

316 3872 507 3954 βνβνὶζνντνς
540 3871 627 3952 δρῶσί
656 3895 743 3946 τινας
775 3873 827 3938 καὶ
859 3871 964 3950 μέγαν
995 3872 1051 3950 μὲν
1081 3870 1155 3936 ὄντα
1187 3874 1262 3954 παρ’
1294 3873 1365 3952 ὑμῖν
1397 3874 1502 3944 εὐθέως

316 3979 368 4045 τὸν
391 3979 544 4057 λέγοντα,
569 3976 721 4043 atavam
744 3979 770 4044 δ’
795 3973 871 4043 ἕνεκ’
895 3979 1096 4059 ἀσφαλείας,
1119 3979 1225 4060 ἑτέραν
1246 3979 1277 4045 δὲ
1295 3979 1351 4053 τὴν
1371 3979 1502 4058 κρύβδην

316 4093 423 4168 ψῆφον
448 4089 501 4150 τοῦ
525 4090 661 4166 φανερῶς
686 4085 822 4165 θορύβου.
870 4083 1083 4150 Perdiderunt
1104 4085 1211 4151 oleum
1234 4091 1267 4152 et
1290 4106 1417 4171 operam
1438 4108 1501 4153 om·

316 4214 389 4270 nes,
423 4194 479 4277 qui
500 4192 586 4257 bunc
608 4189 715 4257 locum
738 4193 940 4276 interpretari
963 4195 1068 4257 eonati
1089 4197 1173 4257 sunt.
1221 4194 1300 4258 Atra
1322 4198 1413 4258 nocte
1437 4213 1498 4278 pre·

312 4305 448 4364 ‘muntur
470 4299 578 4364 omnia
599 4303 727 4383 propter
748 4299 844 4362 nnius
863 4296 1152 4381 vocabulilabem,
1173 4319 1269 4383 quam
1290 4300 1317 4363 si
1337 4297 1500 4363 sustuleris

273 4451 275 4456 .
315 4404 373 4474 lux
402 4408 472 4471 erit.
520 4403 679 4468 Emenda:
712 4401 764 4468 aa>
795 4402 900 4482 μέγαν
932 4404 987 4482 μὲν
1019 4402 1093 4468 ὄντα
1124 4401 1197 4486 παρ’
1230 4403 1300 4483 ὑμῖν
1324 4404 1428 4478 εὐθέως
1452 4404 1499 4469 τὸν
