3356 5084
870 347 936 416 494

309 533 398 604 feeit.
434 539 507 606 Non
525 541 629 626 potest
648 541 734 605 enim
754 537 824 603 έ-
837 537 925 617 νίμος
946 534 1030 614 νῶτος
1052 539 1099 603 sio
1118 537 1261 626 disiungi
1284 542 1317 603 et
1339 537 1501 604 dieseonri.

356 748 527 835 Triplieem
557 749 834 836 interpolationem
856 753 890 816 in
914 751 1024 817 eedem
1047 771 1082 817 re
1107 751 1235 816 subesse
1259 752 1402 836 suspicor
1423 771 1501 838 pag.

312 854 389 922 462.
423 855 476 922 13.
508 856 564 922 εἰσί
596 858 659 937 γοίρ
682 857 777 932 δήπου
801 857 875 936 παρ’
900 858 973 934 ήμίν
996 854 1036 921 αἰ
1052 880 1088 921 τε
1112 861 1172 922 τῶν
1194 854 1343 933 μετοίκιιν
1367 871 1501 936 λειτουρ·

310 961 379 1040 γίαι
403 961 456 1026 καί
479 965 511 1028 αἰ
536 961 704 1028 πολιτικαί.
725 1000 768 1012 -
787 969 845 1027 τῶν
867 961 930 1042 γιίρ
954 963 997 1034 εἰς
1021 961 1073 1026 τὸν
1093 961 1229 1040 πόλεμον
1249 961 1302 1028 καί
1323 969 1379 1036 τής
1397 985 1500 1035 στεπη·

310 1071 377 1148 ρίας
408 1073 463 1142 τής
496 1065 614 1142 πόλεως
648 1069 805 1154 [εἰσφορῶν
837 1066 890 1131 καί
921 1069 1133 1153 τριηραρχιῶν]
1168 1069 1254 1149 ἰρίῶς
1291 1065 1343 1134 καί
1375 1067 1501 1140 δικαίυς

311 1175 405 1245 οὐδείς
437 1172 483 1242 ἔτ’
514 1176 646 1249 οἰτελής·
677 1194 750 1262 pag.
784 1171 860 1239 464.
893 1171 947 1239 29.
980 1173 1028 1243 ἰτε
1059 1173 1122 1254 γὰρ
1146 1173 1242 1251 δήπου
1265 1175 1347 1239 τοῦί·
1372 1171 1503 1240 ὅτιτῶν

312 1287 513 1362 τριηραρχιῶν
542 1282 636 1353 οὐδείς
665 1279 708 1350 ές’
731 1280 846 1351 οἰτελίις
871 1279 935 1346 ooli
960 1287 1019 1346 τῶν
1041 1282 1186 1361 εἰσφορῶν
1213 1283 1283 1367 [τῶν
1305 1284 1349 1353 εἰς
1370 1281 1423 1346 τὸν
1446 1281 1504 1347 πό-

313 1389 430 1473 λεμον].
466 1408 540 1476 peg.
576 1385 653 1453 496.
691 1385 744 1452 10.
780 1389 839 1451 τῶν
874 1387 932 1464 μὲν
963 1386 1027 1467 γίιρ
1059 1388 1102 1460 εἰς
1134 1386 1186 1452 τὸν
1216 1386 1351 1464 πολέμου
1381 1391 1504 1474 [πασῶν

312 1493 458 1576 εἰσφορῶν
482 1494 534 1559 καί
553 1494 763 1578 τριηραρχιῶν]
783 1494 896 1558 -οὐκ
920 1493 995 1557 εἰσίν
1018 1494 1155 1565 οἰτελεῖς.
1203 1492 1320 1559 Tribus
1342 1494 1393 1560 his
1421 1493 1503 1561 loeis

314 1599 374 1667 snb
397 1621 499 1666 nnnm
523 1606 725 1686 conspectum
748 1601 860 1685 positis
885 1599 1097 1665 animadverti
1119 1604 1224 1685 potest
1247 1600 1331 1666 unde
1354 1599 1438 1666 elius
1461 1622 1502 1667 ex

314 1705 378 1773 elio
401 1706 507 1774 verbis
529 1706 642 1773 olienis
663 1705 717 1771 vel
740 1704 911 1771 inutilibus
934 1711 1081 1772 oneratus
1103 1707 1155 1771 sit.

357 1914 438 2004 Peg.
470 1914 546 1981 465.
571 1913 626 1983 27.
650 1918 728 1993 μιῶς
752 1914 769 1990 ή
793 1914 872 1980 δυοῖν
895 1918 1016 1998 φυλαίν
1039 1911 1092 1980 ἕνα
1116 1915 1250 1996 χορηγδν
1271 1916 1449 1994 καίἰςησιν,
1471 1913 1504 1989 ὃς

313 2020 379 2087 ἄνθ’
413 2020 475 2096 ἓνδς
509 2020 608 2087 οἰλλου
641 2023 722 2086 τοῦδ’
760 2019 852 2097 ἅπαξ
887 2021 1017 2096 ποιήσας
1052 2020 1291 2100 ἀπαλλάξεται.
1337 2020 1506 2090 Sententia

315 2130 485 2196 manifesto
515 2127 657 2215 postulet
688 2126 935 2207 ἀπηλλαγμένος
963 2125 1042 2197 έςαι.
1088 2128 1198 2214 lteqne
1220 2149 1285 2193 une
1306 2127 1410 2195 vooeli
1432 2149 1505 2194 mn·

311 2239 379 2300 tete
412 2236 513 2301 soribe
543 2232 795 2314 οἰπΗλλοίξεται,
827 2233 866 2300 de
888 2254 952 2320 que
974 2237 1075 2301 forme
1097 2233 1269 2322 diligenter
1290 2237 1344 2324 egi
1365 2236 1401 2300 in
1423 2235 1503 2301 Nou.

311 2339 404 2406 nos.
436 2361 510 2429 peg.
544 2339 612 2407 242
646 2361 691 2426 sq.
747 2339 832 2406 Setis
865 2345 932 2406 esto
965 2361 1050 2406 nuno
1087 2341 1226 2429 glossam
1261 2339 1503 2428 Heeyohisnnm

313 2446 516 2513 emendetem
540 2464 712 2533 opponere:

573 2550 845 2628 ’Λπηλλοίξειτ
877 2551 1126 2632 ἀπηλλαγμένος
1151 2551 1222 2618 έσει.

311 2659 347 2724 in
368 2661 464 2726 nnioo
486 2656 602 2726 Codice
625 2663 673 2725 eet
696 2657 904 2740 ἀπαλλάξεις.

252 2899 256 2904 ·
357 2868 435 2958 Peg.
464 2867 538 2934 466.
567 2867 599 2936 5.
628 2869 680 2935 διοί
703 2871 738 2936 τί
761 2868 946 2952 γεγράφθαι
971 2869 1002 2933 έν
1024 2867 1067 2950 τῷ
1092 2867 1171 2950 νόμῳ
1195 2867 1351 2948 διαρρήδην
1377 2869 1501 2955 [αὑτοῦ]

311 2975 431 3054 μηδένα
456 2971 595 3040 -εἰναι
626 2977 744 3055 οἰτελή,
775 2978 820 3056 μή
844 2976 1024 3055 διΗῐρήσίαι
1048 2977 1079 3041 δέ
1103 2973 1172 3040 ὅτου
1196 2977 1295 3049 οἰτελή
1319 2977 1385 3040 κτέ.
1433 2975 1503 3056 Quo

311 3084 449 3168 pertinet
478 3079 592 3149 αὐτοῦί
637 3083 761 3169 Nempe
792 3083 832 3151 ed
862 3085 905 3164 τῷ
936 3080 1037 3163 νόμῳ,
1064 3083 1198 3167 inquies.
1245 3080 1376 3146 Licetne
1399 3083 1503 3169 igitur

312 3189 359 3252 sio
381 3186 538 3269 διαρρήδην
560 3186 779 3274 interponere?
824 3187 897 3255 Non
919 3187 1006 3254 lieet.
1054 3187 1225 3254 Deleemue
1244 3189 1348 3276 igitur
1366 3188 1451 3254 iners
1471 3193 1503 3252 et

311 3293 509 3378 superfluum
539 3313 722 3379 pronomen.
775 3294 897 3360 Deinde
934 3294 1036 3360 soribe
1075 3293 1269 3374 διΕΙρήσίαι,
1312 3293 1365 3360 vel
1394 3295 1501 3380 potius

312 3397 352 3464 eb
383 3401 514 3485 optimis
544 3399 636 3466 libris
666 3399 811 3466 oblatum
841 3402 955 3486 reeipe.
1002 3397 1185 3466 Sexcentios
1216 3399 1340 3466 videbis
1362 3401 1448 3464 inter
1469 3419 1502 3464 se

312 3505 462 3571 oonfimdi
495 3506 629 3588 διιίρηκα
654 3544 697 3556 -
721 3507 849 3589 διήρηκα
884 3513 917 3572 et
952 3505 1103 3586 διείρημαι
1128 3543 1169 3554 -
1194 3506 1339 3588 διήρημαι
1372 3508 1501 3570 tentum

311 3634 374 3679 non
395 3615 430 3678 in
452 3613 602 3679 omnibns
623 3611 715 3679 libris
739 3615 838 3679 etiem
861 3614 1093 3698 antiquissimis
1117 3617 1149 3678 st
1172 3610 1375 3678 fidelissimis.
1423 3611 1502 3678 Fere

311 3739 487 3805 numquam
512 3721 664 3802 δνιιῆσίαι
688 3725 772 3786 earet
794 3721 938 3785 veniente
961 3721 1118 3805 scripture
1140 3719 1302 3798 διειρήσδαι
1327 3721 1359 3784 et
1382 3721 1500 3783 contre

311 3825 384 3892 Hoo
407 3846 509 3891 unum
532 3825 740 3911 spectandum
763 3845 888 3912 quoque
910 3824 980 3891 looo
1003 3831 1051 3891 est
1074 3831 1185 3893 utrum
1209 3825 1366 3890 sententio
1391 3823 1502 3889 verbo·

311 3953 385 3999 rum
419 3932 542 4012 dieresin
575 3931 716 4017 postulet
749 3952 790 3996 en
825 3930 1011 4011 διαγορεύειν
1048 3931 1081 3996 id
1118 3936 1165 3996 est
1197 3931 1355 4011 διαρρήδην
1385 3929 1500 4009 λέγειν.

311 4039 422 4124 Ipsum
446 4037 603 4118 διαρρήδην
625 4036 701 4103 hino
723 4044 837 4103 netum
861 4043 925 4104 est:
947 4037 1092 4117 διείρηται
1110 4036 1324 4117 -διαρρήδην
1344 4041 1383 4100 ut
1402 4057 1502 4115 παρα·

311 4144 533 4225 βέβληται-
550 4144 778 4223 παραβλήδην,
803 4143 941 4223 βέβυται
960 4181 1002 4192 -
1025 4141 1122 4224 βύζην
1147 4142 1307 4229 (βήσδην),
1332 4140 1501 4222 κέκρυπται

314 4290 354 4300 -
376 4251 526 4331 κρύβδην,
552 4251 671 4316 οἰνεῖται
694 4287 736 4299 -
758 4249 882 4325 οἰνέδην,
908 4255 940 4315 et
963 4249 1027 4315 elis
1050 4250 1101 4314 his
1124 4247 1246 4315 similis
1271 4248 1421 4335 plurime.

359 4357 507 4438 Διείρηκα
538 4363 571 4423 ot
601 4357 726 4441 διήρηκα
757 4362 878 4424 certent
908 4356 947 4421 de
978 4359 1045 4422 loeo
1078 4375 1153 4442 png.
1188 4353 1265 4422 465.
1299 4353 1355 4420 20.
1385 4351 1502 4432 μηδένα

312 4462 391 4532 εἰναι
421 4465 619 4547 τριηραρχίας
651 4465 751 4539 ιίτελή
781 4464 987 4544 διείρηιιεν
1019 4460 1159 4539 ἰνόμος.
1205 4459 1259 4526 Sio
1281 4459 1359 4528 libri
1381 4477 1500 4525 omnes.
