3342 5080
706 367 771 437 557

139 556 193 623 sed
223 555 352 631 esdras.
399 557 512 625 Orator
543 559 684 627 dixerat:
717 559 742 624 εῖ
774 555 888 638 νομίζει
920 557 1002 623 τοῦτ’
1034 557 1208 637 ύσεβεῖν
1243 551 1334 622 εἶναι.

185 662 275 743 Quod
299 671 408 731 autem
433 666 512 731 dioit
534 687 606 754 pag.
634 662 710 730 761.
735 663 789 730 21.
814 666 845 730 ἐν
863 663 958 746 τρισὶν
977 662 1225 746 ἐξελεγχθέντας
1245 661 1330 726 δικοι-

140 770 249 850 ςιιρόοις
280 769 440 858 signifieat
472 773 506 836 ι’νι
530 772 635 848 sorio,
660 773 694 836 ι’νι
717 770 854 836 οονιοίοοιο
876 779 905 836 et
928 771 962 836 ιἰι
985 770 1116 849 iudicio,
1141 777 1179 835 ut
1202 773 1332 854 apparet

141 897 179 940 ex
206 896 282 964 pag.
316 874 392 943 702.
426 876 481 944 23.
513 884 628 958 πρῶτον
658 879 716 956 μέν
748 886 802 950 τῆς
834 875 950 955 βουλῆς
981 879 1229 954 κατεγνωκυίας,
1259 869 1331 938 εἶτα

140 987 194 1047 τοῦ
217 983 313 1059 δύμον
336 983 414 1061 μίαν
438 983 552 1064 ἡμέραν
572 979 643 1059 ύλιρν
664 983 714 1048 ἐτδ
734 983 850 1056 τούτοις
871 985 976 1055 αύτοῖς
995 975 1234 1062 ύνοιλύσαντος,
1255 977 1328 1057 τρός

141 1087 172 1152 δὲ
206 1090 323 1162 τούτοις
359 1088 539 1168 ermeneias
575 1089 654 1155 δυοῖν
688 1090 730 1160 εἷς
766 1085 820 1154 ἕνα
856 1089 908 1154 καὶ
941 1089 1064 1170 χιλόονς
1098 1090 1328 1170 ἐψηφισμένων.

141 1192 248 1260 Simul
270 1202 400 1281 apparet
423 1195 500 1282 quid
522 1199 566 1264 sit
588 1195 771 1276 διναςιρρῖιιν
795 1195 884 1261 δυοῖν.
930 1195 1002 1262 Non
1026 1198 1196 1262 enim-duo
1214 1197 1331 1262 iudicia

141 1299 337 1379 factasunt,
364 1302 419 1368 sed
442 1304 501 1368 deo
524 1303 650 1367 οοαιῖόίο
673 1303 838 1380 iudicum,
864 1303 985 1368 iudices
1008 1301 1098 1368 mille
1122 1309 1155 1368 et
1176 1325 1275 1380 unus,
1300 1306 1333 1368 in

142 1405 202 1471 hae
224 1427 319 1472 ceusu
337 1408 493 1474 iudicasse
513 1408 671 1474 dieantur.
707 1405 761 1474 sie
779 1411 882 1496 igitur
902 1407 1002 1496 legati
1021 1411 1056 1474 in
1077 1410 1197 1495 triplici
1215 1411 1333 1476 iudicio

144 1511 222 1577 furti
253 1515 391 1580 eonvioti
421 1519 496 1580 sunt
526 1515 560 1581 in
591 1513 728 1595 Senatu,
762 1514 847 1602 apud
870 1514 1026 1602 populum
1050 1520 1083 1581 st
1106 1517 1192 1602 epud
1214 1517 1336 1584 iudices

144 1618 235 1685 mille
258 1623 291 1686 et
313 1641 424 1687 unum.

189 1876 270 1965 Peg.
302 1874 378 1945 761.
411 1877 466 1945 25.
481 1880 563 1965 ,οὔτ’
586 1877 690 1954 ἄλλοις
715 1886 809 1964 τρρῖος
834 1879 887 1944 καὶ
911 1876 1122 1960 φιλύνόριοτος
1146 1878 1184 1943 σύ
1207 1902 1254 1951 τις
1277 1885 1336 1944 τοῖν

145 1981 250 2048 ἄλλων
281 1983 481 2065 διαφόρως
514 1986 553 2051 ὧν
576 1987 673 2060 ἐλεεῖς
699 1987 823 2056 αύτούς.
869 1984 932 2050 Pro
955 1983 1105 2063 διαφόρως
1129 1982 1204 2049 libri
1227 2007 1336 2051 omnes

146 2087 288 2170 διύφορος
332 2091 501 2170 exhibent,
545 2093 599 2158 sed
639 2113 741 2178 neque
778 2092 839 2157 hoo
871 2111 987 2157 sanum
1022 2095 1070 2157 est
1103 2110 1204 2175 neque
1240 2090 1335 2157 illud.

146 2194 272 2277 Ερτορῖο
295 2203 419 2280 masin
450 2205 578 2263 οοοόοσον
608 2199 715 2264 Attice
747 2197 866 2263 dieitur
898 2195 1100 2277 διαφερόντως
1133 2203 1191 2261 τῶν
1214 2194 1337 2282 ἄλλον,

146 2301 229 2384 quod
260 2322 352 2387 saepe
382 2302 466 2386 apud
495 2300 665 2368 Platonem
687 2301 810 2391 legitur
832 2308 864 2368 et
887 2302 986 2376 ahos,
1011 2302 1105 2386 idque
1129 2301 1337 2368 Demostheni

145 2405 350 2471 reddendum.
399 2407 554 2489 Διύφορος
584 2414 617 2474 et
645 2409 795 2489 διαφόρως
827 2405 911 2487 ἐχειν
942 2413 974 2473 et
1005 2409 1155 2488 διαφορά,
1188 2408 1338 2495 quemad·

69 2593 73 2602 .
145 2512 278 2578 modum
313 2513 527 2596 διαφέρεσόαι,
563 2514 648 2600 apud
681 2515 806 2580 Atticos
838 2517 873 2579 in
907 2514 1063 2581 discordie
1093 2521 1126 2580 et
1154 2515 1334 2579 inimicitiis

146 2623 266 2684 tertam
290 2620 398 2686 sedem
421 2620 527 2687 habet.

192 2861 272 2949 Pag.
297 2858 374 2928 763.
398 2861 450 2928 15.
472 2872 584 2942 τροῖιιοι
604 2863 667 2943 γὰρ
689 2861 783 2948 [οὐδὲν
803 2862 1028 2946 ὠφελούμενος]
1048 2863 1120 2938 ύμῖν
1140 2859 1338 2941 Τιμοκρύτιρς

148 2966 376 3046 ύτεχόοόνεται.
422 2968 520 3035 Recte
544 2971 687 3054 quisquis
710 2973 758 3035 est
780 2977 893 3045 τροῖιιιι
916 2971 1143 3053 interpretatur
1165 2988 1232 3032 esse
1255 2965 1338 3031 ούδέν

149 3071 371 3154 ὠφελούμενος.
419 3073 482 3141 Sed
512 3074 737 3141 Demosthenis
770 3075 930 3140 auditores
952 3073 1174 3140 huiuscemodi
1196 3072 1339 3138 admoni·

149 3181 234 3244 tione
258 3201 320 3245 non
343 3180 550 3270 indigebant,
575 3181 653 3267 quid
672 3185 758 3247 enim
777 3182 885 3248 notius
905 3201 1001 3266 qnam
1023 3188 1133 3260 προῖκα
1151 3178 1210 3244 hoo
1228 3175 1339 3245 sensui

149 3289 181 3350 et
204 3284 364 3364 additam,
388 3291 427 3352 ut
448 3289 575 3373 opinor,
599 3289 753 3353 risissent.

192 3390 379 3459 Promissus
402 3392 632 3460 Demosthenes
655 3396 760 3458 utitur
780 3391 944 3458 vocabulis
968 3400 1078 3472 τροῖνα
1103 3397 1135 3457 et
1158 3388 1338 3466 ἀδωροδοκή-

147 3520 224 3582 τιις,
247 3504 286 3563 ut
307 3519 381 3587 pag.
410 3496 486 3565 342.
511 3499 563 3565 18.
589 3499 814 3576 ἀδωροδοκήτως
840 3501 857 3574 ἢ
881 3499 940 3576 μή,
966 3504 1088 3584 etpost
1107 3517 1208 3583 pauca
1227 3494 1337 3560 eodem

148 3625 242 3670 sensu
274 3626 349 3693 pag.
385 3602 462 3670 343.
500 3603 530 3671 3.
564 3613 673 3686 τροῖκα
705 3605 722 3680 ἢ
753 3605 808 3682 μή.
842 3624 917 3692 pag.
951 3601 1026 3669 390.
1067 3601 1118 3669 18.
1152 3604 1184 3667 ού
1217 3610 1339 3680 τροῖκα.

148 3707 225 3774 429.
259 3709 319 3796 10„
344 3719 454 3790 τροῖιιοι
478 3713 495 3788 ἢ
520 3713 574 3789 μή.
622 3710 708 3776 Hine
732 3713 880 3800 arguitur
902 3708 1061 3776 emblema
1083 3729 1158 3796 pag.
1183 3706 1259 3772 413.
1284 3705 1339 3771 20.

149 3813 271 3896 πότερον
299 3818 471 3898 χρημάτων
502 3820 637 3901 αἰσχρῶς
670 3817 744 3896 ύτέρ
767 3823 826 3882 τῶν
851 3816 961 3897 ἐχθρῶν
985 3814 1166 3896 πρεσβεύειν
1190 3811 1338 3886 ἅπαντας

149 3923 292 4000 τροσύοιει
315 3924 333 3998 a
358 3932 468 4002 τροῖαοι
493 3925 565 4004 ύτέρ
589 3925 670 4000 ὑμῶν
695 3924 736 3988 τοὶ
761 3921 897 4000 βέλτιςα
925 3921 1201 4010 [οῖδαροδοκύτιος];

195 4030 353 4118 Arguitur
374 4030 534 4098 emblema
555 4029 639 4096 οὐδὲν
663 4029 874 4113 ὠφελούμενος
898 4031 997 4095 etiam
1019 4029 1093 4094 hino
1118 4027 1201 4113 quod
1230 4025 1339 4112 paullo

29 4202 36 4214 ‚
149 4143 222 4201 ants
250 4156 325 4224 pag.
360 4135 433 4202 761.
461 4136 503 4203 12
526 4137 565 4203 de
587 4137 699 4203 sedem
722 4158 756 4203 re
779 4136 861 4202 dixit
884 4134 1128 4202 Demosthenes:
1151 4133 1184 4198 ού
1210 4141 1336 4215 προῖκα,

151 4236 172 4304 ὦ
195 4241 407 4324 Τιμόκρατες,
428 4282 468 4292 -
488 4241 596 4320 item
620 4243 672 4308 τόν
696 4241 793 4321 νόμον.

195 4480 275 4570 Peg.
301 4479 377 4549 763.
404 4482 434 4548 1.
458 4481 510 4548 τόν
533 4480 653 4563 τατόρα
672 4482 727 4547 ούκ
745 4481 843 4553 ἐλεεῖς
863 4479 889 4544 εἶ
908 4518 948 4530 -
966 4477 1016 4545 διόο
1036 4478 1142 4561 μικρὸν
1160 4478 1337 4562 οῖρχύρΙΟΝ
