3304 5090
702 331 768 410 249

149 537 178 598 ct
199 527 335 599 severior
357 527 455 598 alius:
479 527 604 612 ἄκαιρόν
629 529 704 620 (leg.
730 529 852 614 ἄκορον)
875 533 937 602 ἕσιν
959 534 1010 600 ἐπὶ
1029 539 1085 607 τῆς
1105 529 1332 610 Ἱπποδαμείας

149 637 180 702 τό
200 635 376 704 ἘΔΝΟΝ.
400 634 485 702 ἕδνα
506 637 570 718 γόορ
593 637 725 704 διδόασιν
747 640 772 705 οδ
797 636 919 719 ἄνδρες,
944 638 1085 723 φερνὰς
1110 637 1140 703 δὲ
1165 639 1198 703 αἱ
1223 645 1333 718 γυναῖ-

149 769 206 818 κες.
250 742 372 810 Melius
393 747 496 833 igitur
518 743 686 830 lluripides
709 747 743 809 in
771 746 872 831 Oreste
890 769 937 814 vs.
966 744 1065 813 1660.

307 851 441 932 ’Λργους
463 850 490 915 δ’
514 850 660 934 Ὀρόςκν,
685 849 864 936 Μενέλεως,
889 849 927 916 ἔα
952 858 1096 933 κρατεῖν,

321 956 414 1022 ε’λόδιν
437 956 463 1021 δ’
487 953 606 1021 οἳνασσε
627 955 854 1038 Σπαρτιάτιδος
880 959 986 1040 χόονόο

322 1063 435 1145 φερνὰς
460 1063 540 1142 ἔχων
564 1062 719 1142 γυναικός.

147 1169 201 1236 ubi
222 1167 428 1235 Scholiastes:
452 1168 566 1252 Φερνιὶ
591 1169 633 1233 τόο
658 1169 721 1234 cirri
740 1177 795 1246 τῆς
815 1170 960 1248 γυναικός
982 1169 1136 1250 διδόμενα.
1160 1167 1224 1235 Sed
1244 1169 1330 1234 idem

146 1275 311 1363 Euripides
333 1274 405 1340 ἕδνα
429 1275 468 1342 de
491 1277 559 1340 ιόοόο
581 1278 688 1362 posuit
711 1277 745 1340 in
768 1277 972 1342 Ακιόοοιιιοσόο
994 1297 1041 1344 ue.
1067 1273 1145 1343 871.

325 1383 357 1447 οὐ
377 1381 440 1463 γάρ
463 1382 495 1447 τό
518 1382 548 1445 σ’
575 1381 781 1463 αἱχμοόλοιοον
807 1384 840 1447 ἐκ
863 1383 977 1464 Τροίας
1002 1383 1087 1466 ἔχει,

328 1488 403 1553 ἀλλ’
428 1489 531 1570 ἀνδρὸς
556 1489 663 1553 cataro
688 1490 792 1556 παῖδα
817 1490 871 1555 σὺν
896 1496 1023 1563 πολλοῖς
1047 1490 1156 1569 λαβὼν

308 1593 495 1661 ‘enNolo

187 1698 365 1789 Aeschylus
389 1702 537 1787 opinatus
559 1701 602 1767 τόι
626 1699 699 1767 ἕδνα
723 1723 789 1768 esse
813 1703 856 1768 τδι
881 1703 939 1769 ὐπδ
963 1710 1022 1770 τῶν
1044 1701 1274 1783 μνκςευομένοιν
1293 1713 1332 1788 τῇ

144 1809 326 1893 γαμουμόυρ
352 1806 493 1886 διδόμενα
517 1807 600 1873 dixit
623 1809 657 1872 in
679 1809 851 1874 Prometheo
874 1831 907 1877 v.
933 1808 1009 1876 560.

480 1913 658 1980 'eenole
680 1912 808 1994 οδγαγες
831 1915 971 1981 Ἡσιόναν

495 2022 585 2087 πιθὼν
608 2020 758 2103 δάμαρτα
782 2021 999 2101 κοινόλεκτρον.

187 2126 291 2193 Nemo
319 2125 434 2193 horum
463 2125 600 2193 Homeri
631 2127 825 2194 vocabulum
854 2130 1022 2214 usurpavit
1044 2147 1139 2194 sensu
1162 2127 1333 2195 Homerico

144 2253 179 2298 ac
201 2253 277 2318 suo,
301 2232 357 2298 sed
381 2253 491 2299 ornnes
515 2235 621 2319 opinio
640 2233 770 2310 fefellit,
795 2237 850 2319 qui
872 2236 907 2300 in
932 2237 1097 2300 communi
1121 2238 1267 2300 omnium
1286 2254 1334 2300 er·

142 2359 212 2404 rore
233 2341 366 2424 impune
390 2341 571 2426 peccabant.
618 2339 699 2406 Plus
722 2343 821 2406 etiam
844 2340 1002 2408 Pindarus
1024 2342 1064 2408 ab
1083 2362 1145 2407 usu
1162 2339 1334 2408 Homerico

143 2449 272 2512 recessit
302 2466 403 2532 quum
435 2447 554 2512 diceret
583 2447 752 2530 Pythionic.
784 2447 841 2512 111.
867 2445 918 2512 94.
946 2448 1096 2527 ,θρόνοισι
1118 2459 1148 2512 et
1170 2448 1278 2513 Palm
1299 2450 1333 2512 νἰι

142 2553 257 2638 nuptiis
288 2553 367 2619 Dece
398 2554 535 2618 οοιιοόναε
565 2553 732 2619 όοόιοοπαοιό
762 2550 895 2620 ἝΔΝΛ
929 2577 965 2620 τε
996 2553 1140 2633 δέξαντο,
1174 2555 1232 2620 ubi
1262 2551 1332 2619 ἕδνα

141 2659 235 2746 plane
259 2659 346 2726 idern
369 2665 418 2726 est
441 2666 536 2746 atque
559 2660 923 2741 attaminarentur
943 2663 1176 2749 grammaticus
1196 2661 1332 2746 admrip·

142 2769 200 2832 sit:
232 2767 386 2846 οόκύροοε
418 2767 461 2838 ‘ric
494 2767 572 2848 δῶρα
595 2763 728 2832 ἘΔΝΑ
753 2762 848 2832 εἶπεν.
894 2766 1037 2833 Perierat
1058 2770 1162 2856 igu'tur
1184 2765 1278 2853 plane
1299 2769 1334 2832 in

143 2869 279 2939 Graecia
301 2875 426 2959 antiqui
447 2873 597 2940 vocabuli
619 2873 853 2961 intelligentia,
877 2895 977 2960 neque
1000 2880 1146 2942 veterum
1167 2878 1335 2961 poitarnm

142 2981 313 3065 quisquam
335 3000 436 3066 neque
460 2980 659 3046 eruditorum
680 3001 720 3046 ex
741 2979 877 3046 Homeri
899 2985 948 3047 tot
971 2979 1049 3046 locis
1073 2986 1141 3046 tam
1159 2981 1335 3067 perspicuis

142 3106 253 3152 veram
277 3090 310 3152 et
331 3090 476 3152 nativam
499 3085 699 3175 significandi
721 3092 914 3172 potestatem
936 3093 995 3152 τῶν
1014 3083 1103 3151 ἕδνων
1123 3089 1335 3172 perspexerat.

142 3193 310 3278 Sequiores
333 3194 432 3258 etiam
455 3213 565 3259 omnes
586 3195 622 3258 in
645 3213 681 3258 ea
704 3213 738 3258 re
761 3196 966 3279 antiquorum
984 3195 1208 3259 auctoritatem
1227 3212 1335 3278 seque·

142 3299 277 3376 bantur,
303 3318 342 3364 ex
364 3299 480 3383 quibus
503 3299 653 3366 omnibus
676 3319 778 3364 unum
797 3301 991 3385 producam,
1013 3302 1217 3385 perineptum
1238 3300 1336 3385 scrip·

143 3410 246 3470 torem
277 3404 449 3471 Aelianum
480 3405 564 3492 apud
595 3404 730 3471 Suidam
762 3428 795 3473 v.
826 3411 1003 3483 Παόσωμεν.
1040 3442 1083 3454 -
1118 3405 1170 3470 κα)
1201 3405 1333 3468 ἘΔΝΑ

144 3511 209 3596 ᾔτει
241 3511 384 3589 γενέσθαι
409 3511 537 3590 βασιλὶς
562 3512 597 3577 τό
620 3515 673 3578 τοῦ
699 3512 889 3593 Μενάνδρου,
914 3509 964 3577 ἵνα
988 3536 1018 3576 τι
1043 3510 1096 3577 καὶ
1121 3512 1241 3589 παόοοο,
1265 3517 1336 3600 Τρι·

144 3618 269 3700 κορυσόα
300 3617 487 3696 βασόλιννα,
515 3617 566 3684 καὶ
592 3616 671 3694 αὕτη
696 3617 841 3685 δέσποινα
862 3615 939 3683 εἶναι
963 3622 1015 3684 τοῦ
1039 3616 1154 3682 Πόντου
1178 3616 1333 3682 όόόλουσα.

144 3745 225 3810 quae
256 3723 296 3790 de
318 3723 518 3791 Mithridatis
541 3746 637 3791 uxore
659 3725 806 3792 Monima
828 3725 958 3791 Milesia
981 3725 1067 3792 dicta
1090 3744 1156 3791 esse
1179 3725 1336 3808 suspicor,

145 3850 226 3916 quae
256 3833 309 3894 τοῦ
341 3831 498 3909 βασιλέως
530 3837 687 3912 πειρῶντος
715 3831 811 3905 αὐτόν
835 3831 887 3896 καὶ
911 3832 1032 3915 μυρίους
1056 3831 1109 3896 καὶ
1133 3850 1336 3909 πεντακισχι·

145 3935 228 4007 λόους
252 3941 385 4015 χρυσοῦς
407 3937 668 4019 προσπέμψαντος
689 3937 827 4020 οὶντόσχε
845 3934 1012 4021 μέχριςόὖ
1035 3973 1076 3986 -
1098 3936 1235 4014 διόδκμα
1255 3933 1337 4012 πόμ-

146 4047 213 4123 φας
237 4041 430 4120 βασίλισσαν
452 4043 653 4126 οόνκγόρευσεν
679 4043 855 4130 (Plutarch.
874 4049 910 4110 in
926 4045 1053 4110 Ιαοοιιόίο
1073 4064 1140 4129 cap.
1161 4039 1228 4122 18.)
1250 4039 1336 4106 Aeli-

147 4169 226 4216 anus
256 4151 359 4238 igitur
388 4169 489 4236 quum
519 4151 651 4216 dixisset
681 4151 733 4215 κα1
764 4148 897 4218 ἜΔΝΑ
930 4153 994 4236 ᾔτει
1018 4150 1161 4230 γενέσθαι
1184 4146 1334 4227 βασιλός,

146 4253 281 4326 mirifice
305 4275 338 4322 se
361 4257 496 4324 credidit
519 4277 586 4324 esse
608 4257 764 4324 locutum.
