3342 5080
724 323 790 402 569

210 517 293 614 Peg.
326 520 402 591 776.
435 521 488 589 12.
522 522 615 590 πούνύ’
648 521 707 593 ύσοο
736 521 898 602 τοξούντσιν
927 528 987 589 τῶν
1015 521 1113 603 νύμιον
1135 520 1244 598 ἕκιιςος
1270 523 1355 602 ἡμῶν

166 638 252 697 ποιεῖ.
300 629 338 696 In
370 628 538 719 Slegitur
561 633 596 697 in
618 636 764 722 margine
788 656 835 714 γρ.
862 631 1109 713 προστοξούντον.
1135 631 1220 718 quod
1241 651 1355 697 verum

165 741 212 802 est
242 741 275 803 et
306 737 533 824 recipiendum.
581 738 648 805 Lex
671 760 734 805 non
757 740 876 804 dieitur
898 735 994 814 τούξοιι
1019 737 1074 804 sed
1096 737 1197 802 ύιιύοοο
1218 736 1354 803 κελεύειν

164 846 230 910 sive
253 841 472 925 προστάττειν,
499 850 652 911 stertere
674 845 881 926 ἀπαγορεύειν
904 846 972 912 sive
996 845 1049 911 οὐκ
1072 845 1137 911 ἐοῖν.

207 1085 289 1174 Peg.
322 1082 398 1153 776.
431 1084 485 1152 26.
519 1085 710 1168 sairrariis
734 1087 777 1155 τοὶ
800 1087 902 1166 σεμνοὶ
926 1086 979 1153 κιο)
1005 1087 1093 1152 κοιλοὶ
1117 1083 1184 1173 [κοιὶ
1209 1083 1247 1151 δι’
1273 1082 1354 1161 sissi

163 1190 251 1264 πύλις
282 1201 445 1269 κοσμεΐπιιι
477 1193 529 1258 κιο)
561 1192 724 1278 σύζετοοι],
749 1195 766 1270 ἦ
792 1192 985 1277 σωφροσύνη,
1009 1195 1026 1269 ἦ
1051 1194 1124 1274 πρὸς
1148 1191 1219 1264 πούς
1242 1191 1353 1273 γονύιις

164 1298 214 1364 sai
247 1297 318 1371 τοὺς
341 1298 565 1380 πρεσβυτέρους
591 1299 673 1377 ὑμῶν
699 1300 787 1383 ποοροὶ
810 1307 868 1366 τῶν
892 1299 961 1365 νέων
984 1299 1135 1385 οιὶσχύνιρ,
1160 1301 1177 1376 ἦ
1202 1296 1353 1378 εύτοιξύοο,

164 1414 201 1487 τῇ
224 1409 284 1470 τῶν
309 1403 406 1484 νύριοιν
429 1406 580 1488 προσύύκρι
604 1412 662 1472 τῶν
686 1408 822 1489 ούσχρῶν
846 1406 989 1490 περύεςιν.
1038 1405 1208 1472 Emblema
1230 1409 1354 1473 senten-

165 1513 243 1577 tium
274 1533 406 1579 onerans
437 1517 469 1579 et
492 1512 664 1579 verborum
688 1534 817 1579 cursum
839 1513 1018 1600 impediens
1042 1514 1204 1599 irrepsisse
1226 1511 1355 1578 videtur

166 1637 203 1682 ex
224 1637 299 1706 pag.
326 1616 404 1685 775.
431 1617 484 1684 26.
511 1618 563 1685 κού
588 1621 696 1685 πούντοο
717 1619 753 1686 δι’
773 1617 847 1696 sissi
870 1616 960 1692 πύλις
980 1620 1107 1685 οἱκεῖπιοι
1130 1616 1167 1705 (S
1187 1617 1353 1684 διοικεῖται.

165 1724 247 1808 quod
269 1727 422 1811 praestat)
445 1727 497 1794 κού
522 1723 661 1808 σύζετοοι.

207 1965 289 2055 Peg.
326 1964 402 2035 777.
439 1964 493 2032 13.
528 1965 786 2046 διαλογισάμενος
810 2002 854 2016 -
873 1961 919 2030 ύτι
953 1961 1034 2042 ἕξετε
1071 1963 1124 2029 κοιὶ
1161 1963 1266 2043 λέγειν
1300 1962 1353 2028 κοοὶ

164 2081 259 2138 ποιεῖν
291 2069 309 2136 ύ
329 2097 359 2138 τι
384 2071 422 2139 ο“ιν
444 2073 600 2152 βούλκτοοι
618 2111 661 2122 -
680 2073 731 2138 κού
758 2071 852 2148 οὐδεὶς
872 2110 913 2120 -
929 2070 1015 2145 εύύὺς
1041 2070 1134 2137 αὐτὸν
1163 2069 1354 2136 οὶποκτεύ·

164 2202 241 2263 νει,
271 2181 339 2246 imo
370 2200 446 2246 vero
469 2181 645 2246 οὶποκτενεῖ.
691 2177 901 2246 ΤτλΙλύὶοἰιιω
923 2177 983 2244 hoe
1005 2199 1107 2267 genus
1129 2198 1271 2243 errorum
1294 2182 1352 2242 est.

207 2285 332 2352 Mirum
363 2283 411 2352 e'st
441 2284 623 2352 Dobreeum
653 2286 687 2350 in
719 2284 787 2351 h.l.
820 2286 948 2351 haerere
974 2289 1006 2350 et
1039 2281 1240 2350 Dindorfium
1273 2284 1353 2348 ύπο-

164 2391 273 2457 κτείνει
298 2413 391 2459 sensu
414 2412 552 2458 vaenum
575 2394 720 2459 retinere.
767 2387 899 2480 Cogitet
921 2391 1019 2457 horno
1043 2391 1105 2455 sibi
1128 2389 1286 2476 quidlibet
1307 2391 1353 2456 fs·

165 2518 232 2563 eere
254 2497 351 2564 licere
373 2498 469 2583 idque
492 2519 525 2564 se
548 2500 615 2564 sine
639 2500 753 2585 eapitis
775 2497 917 2584 periculo
931 2499 1103 2583 facturum.

210 2603 270 2672 Est
292 2607 326 2670 in
350 2605 463 2672 eodem
484 2605 554 2671 loeo
577 2604 667 2671 eliud
689 2605 844 2671 mendum
863 2607 898 2676 in
916 2604 1039 2672 verbis:
1060 2601 1172 2685 ἐύνπερ
1193 2605 1246 2668 τοῦ
1268 2601 1352 2674 ποῑύς

164 2739 209 2787 τις
230 2706 307 2779 εἷνοοι
332 2710 411 2788 δύξει
436 2713 502 2797 [0]
527 2717 633 2778 τοῦτο
657 2717 748 2778 ποιῶν
770 2711 958 2792 ύλιγοιρύσρ,
980 2710 1161 2777 admonitus
1180 2711 1266 2775 enim
1284 2729 1354 2774 sen-

162 2821 222 2886 ties
252 2817 425 2885 articulum
447 2820 563 2885 vitiose
586 2818 764 2885 abundare.
788 2839 864 2884 nem
890 2838 1000 2884 sensus
1023 2821 1072 2882 est
1095 2814 1178 2890 ποῖύς
1202 2839 1249 2889 τις
1275 2811 1352 2882 εἶνιιι

161 2925 240 3006 δύξει
264 2921 340 2991 iras
363 2927 470 2991 τοῦτον
495 2933 578 3009 ποιῇ.

205 3164 284 3253 Peg.
319 3162 397 3232 778.
428 3161 459 3229 8.
485 3165 538 3230 nai
563 3163 659 3239 οὐδεὶς
686 3165 767 3244 ὑμῶν
791 3164 889 3244 χολὴν
919 3162 998 3252 [otti
1021 3163 1124 3248 ύργύρν]
1150 3160 1229 3244 ἔχων
1252 3163 1354 3246 Φοονύ·

161 3295 249 3338 σετοιι
285 3271 338 3353 ἐφ’
375 3265 417 3343 οἷς
448 3271 462 3335 ύ
494 3271 642 3352 βδελυρὸς
662 3310 705 3322 -
722 3269 871 3354 βιούζετιοι
906 3271 977 3345 τούς
1012 3269 1138 3349 νύμονς;
1171 3269 1353 3355 Utrumque

160 3379 336 3443 rectissime
367 3375 485 3442 dieitur
517 3380 616 3457 χολὴν
647 3375 731 3459 ἔχειν
762 3384 795 3444 et
825 3376 910 3458 ἔχειν
941 3379 1047 3460 ύργύν,
1077 3376 1132 3442 sed
1155 3375 1254 3442 stulte
1276 3376 1354 3441 heee

161 3486 415 3572 coniunguntur,
448 3487 538 3569 quusi
570 3486 695 3551 diverse
726 3490 841 3552 essent.
887 3485 959 3552 Non
991 3491 1039 3550 est
1073 3484 1133 3549 hoe
1163 3503 1282 3548 nouum
1318 3500 1353 3546 se

160 3611 267 3656 reeens
298 3588 456 3655 librorum
478 3591 643 3658 mendum.
693 3590 859 3680 Longinus
882 3595 969 3658 enim
994 3590 1061 3671 περὶ
1084 3588 1180 3671 ύψονσ
1205 3607 1272 3673 esp.
1297 3583 1353 3654 27.

161 3696 293 3762 eundem
315 3695 484 3762 lectionem
509 3696 607 3763 effert.
654 3697 713 3764 nst
736 3698 840 3786 igitur
862 3703 956 3766 vetus
978 3699 1117 3782 vitium,
1142 3693 1197 3761 sed
1217 3695 1349 3762 uitium.

207 3921 289 4010 Peg.
314 3919 391 3988 778.
417 3920 470 3988 11.
495 3921 683 4007 κεκλῃμένης
708 3947 753 3990 σοι
777 3931 834 4000 τῆς
857 3922 1029 4004 ποιρριισύοος
1052 3924 1085 3988 ού
1108 3922 1263 4001 κιγκλίσιν
1287 3921 1355 3988 οὐδὲ

163 4026 263 4108 ύύροοις
288 4024 310 4093 ἃ
334 4030 386 4094 κού
411 4027 645 4111 ποιρΑΝούξειεν
669 4028 708 4096 ούν
731 4053 778 4102 τις
803 4031 868 4096 κτὲ.
914 4028 951 4095 Si
971 4030 1048 4116 quid
1067 4028 1226 4096 eredimus
1248 4049 1354 4118 grem·

160 4135 288 4200 metitis
331 4140 364 4200 et
404 4135 601 4214 οὲττικιςοιῒς,
648 4135 883 4203 emendandum
918 4139 980 4203 erit
1016 4132 1185 4218 ποορούξειεν
1222 4131 1261 4200 ἄν
1296 4158 1355 4207 τις.

161 4237 298 4306 Moeris:
329 4241 534 4322 Ποιρούξοες
564 4250 636 4318 τῆς
665 4241 788 4324 ύύροις
818 4241 971 4322 Ἀττικοί,
996 4239 1255 4322 ποοροινούξοος
1277 4240 1355 4308 Ἕλ-

162 4359 261 4419 λιινες.
307 4346 512 4434 Phrynichus
542 4351 577 4415 in
607 4347 748 4415 Bekireri
770 4351 880 4415 Αιιοού.
903 4370 977 4436 pag.
1004 4346 1057 4413 60.
1082 4345 1137 4412 20.
1169 4357 1355 4432 Πορεῳγ-

158 4449 283 4532 μένης
314 4460 386 4530 τῆς
418 4451 563 4538 ύύροοςτ
593 4455 620 4522 οἱ
643 4453 760 4523 tuem
792 4452 1157 4540 retransmittens.
