3356 5086
880 373 944 441 324

311 563 346 632 ai
368 589 410 630 κιο
434 566 472 631 τὺ
496 564 605 648 βλεήης
632 565 657 650 ¹)
681 561 852 647 σφενδόνην,
877 567 958 628 teste
980 562 1160 630 Herodiano
1184 565 1223 630 ad
1244 564 1337 630 ssisd.
1360 573 1402 631 N.
1431 561 1501 631 238

311 676 398 740 etin
422 674 594 758 composito
617 669 840 749 ξυμβλήμεναι
865 673 897 734 et
919 666 1117 748 ξυμβλήτην.
1164 671 1255 738 Iliad.
1280 681 1316 737 Φ.
1343 669 1422 738 578.

368 785 373 798 '
538 777 606 857 πρίν
629 780 662 856 μ’
687 777 720 852 ήὲ
743 775 964 853 ξυμβλήμεναι
990 777 1022 851 ήὲ
1044 776 1190 854 dapium.

311 893 342 954 et
366 887 477 973 Odyss.
503 895 539 951 o.
567 883 619 950 15.

537 984 563 1057 ci
587 991 613 1057 δ’
640 992 669 1056 ἕν
693 990 839 1075 Μεοοήνη
862 988 1048 1067 ξυμβλήτην
1072 991 1244 1067 ἀλλήλοιϊν.

354 1101 403 1165 Ex
435 1099 578 1177 ἒβλήμην
608 1101 809 1184 componitur
837 1094 1050 1174 ξυνεβλήμην,
1079 1095 1288 1176 ξυμβλήμην,
1313 1096 1397 1162 unde
1421 1095 1503 1174 ξυμ-

309 1209 464 1287 βλήμενος
495 1205 617 1294 legitur
647 1205 758 1292 Odysa.
793 1215 833 1269 A.
870 1200 944 1268 127.
977 1209 1009 1268 et
1041 1202 1136 1280 alibi,
1161 1210 1193 1269 et
1216 1202 1382 1281 ξύμβλητο
1406 1202 1502 1269 Iliad.

311 1322 344 1380 Ξ.
374 1313 426 1378 39.
451 1313 465 1376 ύ
487 1312 518 1377 δὲ
538 1309 705 1390 ξύμβλητο
726 1307 865 1390 γεμοιιύς,
885 1313 917 1374 et
937 1307 1120 1386 ξύμβληντο
1140 1309 1218 1374 ibid.
1241 1331 1289 1376 vs.
1309 1308 1363 1374 27:
1388 1309 1501 1388 Νέτορι

311 1421 342 1485 δὲ
377 1417 570 1497 ξύμβληντο.
617 1417 746 1483 Habent
781 1420 889 1482 autem
924 1414 1066 1491 ἕβλήμην
1101 1421 1134 1480 et
1167 1414 1360 1494 ξνμβλήμην
1395 1423 1434 1480 ut
1465 1419 1502 1481 in

310 1527 453 1611 optativo
483 1525 631 1606 βλήμην,
662 1524 762 1604 βλήο,
793 1522 913 1603 βλήτο,
947 1523 992 1585 sio
1027 1523 1061 1585 in
1094 1525 1295 1588 coniunctivo
1329 1522 1499 1601 βλέωμιοι,

310 1631 426 1709 βλήεοιι
469 1635 500 1694 et
539 1631 674 1707 βλήετοοι
712 1635 744 1693 et
781 1626 974 1705 ξυμβλήεοοι.
1023 1626 1167 1705 Βλέωμοιι
1200 1629 1284 1714 apud
1318 1628 1500 1696 Homerum

310 1758 468 1823 nusquam
491 1740 652 1821 comparet
676 1735 729 1800 sed
749 1755 819 1800 eam
839 1735 975 1800 formam
996 1737 1149 1799 sermonis
1168 1734 1334 1800 Homerici
1353 1735 1502 1823 analogia

309 1844 432 1930 liquido
449 1846 660 1920 demonstrat,
681 1846 719 1906 ut
739 1839 890 1924 κτέωμεν,
912 1839 1038 1916 ύὲοομεν,
1059 1841 1215 1920 φύὲοομεν,
1236 1839 1364 1919 ςὲωμεν.
1391 1839 1502 1906 Tertia

310 1950 447 2028 βλήετιοι
467 1948 544 2014 tulit
563 1953 698 2014 aetatem
719 1950 752 2012 in
773 1947 885 2034 Odyss
906 1958 938 2011 P.
953 1942 1030 2014 472.
1044 1947 1239 2027 ύοτοτύτ“οὶνήρ
1253 1985 1295 1996 -
1309 1955 1499 2012 ΒΛΗΕΤΛΙ

309 2077 366 2142 pro
397 2056 535 2139 βλήτοιι,
565 2055 623 2120 ubi
654 2075 716 2120 non
747 2053 834 2119 deest
868 2054 1046 2138 discrepans
1070 2055 1226 2138 scriptura
1247 2053 1422 2138 βλήοετοιι,
1445 2054 1501 2120 sed

310 2167 378 2228 sine
400 2162 512 2228 idoneo
534 2167 625 2226 teste.
673 2167 792 2234 Βλήτοιι
814 2163 1006 2246 conspicitur
1028 2162 1062 2224 in
1086 2161 1259 2244 composito
1284 2169 1321 2224 H.
1348 2157 1426 2224 204.

447 2270 471 2332 εἰ
495 2269 521 2333 δ’
546 2265 606 2349 ἄρον
630 2292 676 2339 τις
701 2267 753 2332 κού
778 2271 885 2343 μοῦνος
910 2266 958 2330 ἰὼν
981 2264 1167 2344 ξυμβλήτοοι
1191 2265 1301 2339 ὁδίτης.

310 2375 408 2442 Estne
439 2375 479 2440 ad
508 2375 590 2440 hanc
619 2373 726 2440 lucem
757 2376 833 2438 satis
867 2378 991 2438 certum
1025 2371 1166 2439 Homero
1201 2372 1398 2439 reddendum
1434 2393 1501 2440 esse

309 2499 422 2548 suum:

650 2581 700 2651 ύτε
725 2611 759 2650 νε
782 2584 985 2664 ξυμβλήΕΑΙ
1011 2587 1115 2666 οούτῷ,

310 2715 367 2781 pro
398 2691 617 2772 ξυμβλήοεοοι,
650 2714 751 2777 neque
775 2695 861 2757 enim
884 2689 1111 2769 ξνμβλήοομοιι
1136 2689 1295 2758 Graecum
1319 2713 1387 2756 esse
1410 2697 1444 2758 ct
1464 2698 1503 2758 ut

310 2800 367 2866 illo
395 2799 464 2866 loco
488 2801 644 2877 βλήοεειιι
669 2802 713 2863 sic
736 2799 795 2865 hoc
818 2799 1018 2877 ξομβλήσεοιι
1043 2820 1080 2864 ex
1105 2797 1334 2866 Graeculorum
1359 2799 1503 2865 socordia

311 2911 423 2972 natum
447 2911 479 2972 et
501 2905 688 2971 mendosum
713 2926 779 2970 esse
801 2911 833 2970 et
856 2906 1021 2969 barborum.

355 3009 438 3079 Cum
463 3013 563 3077 forma
586 3011 747 3088 ἐβλήμην,
773 3012 928 3089 βλήούοιι,
953 3012 1107 3090 βλήμενος
1132 3013 1295 3096 aptissime
1323 3017 1503 3098 comparari

310 3123 414 3205 potest
439 3119 586 3199 ε’φύίμην,
612 3117 757 3201 φύήούοιι,
782 3117 939 3197 Φύίμενος.
978 3117 1148 3204 Optativus
1172 3123 1219 3182 eat
1243 3119 1380 3199 Φύύμην,
1406 3121 1501 3200 Φύῑο,

309 3226 412 3309 φύῖτο.
460 3223 572 3310 Odyss.
596 3249 625 3289 κ.
652 3223 704 3288 51.

537 3329 710 3410 μερμήριξα
736 3329 789 3393 ‘Hi
814 3331 913 3394 τεοὼν
936 3331 971 3394 ἐκ
993 3330 1059 3403 νηὸς
1082 3329 1262 3411 οἷτοφύύμην
1278 3369 1318 3379 -

539 3434 555 3508 t
580 3434 676 3500 οἰκέων
701 3433 824 3508 τλοούηο.

310 3549 343 3608 et
367 3557 398 3607 λ.
424 3539 499 3607 330.

537 3647 604 3727 πρὶν
628 3645 691 3728 γάρ
716 3671 766 3711 κεν
790 3647 842 3712 κού
867 3644 921 3723 νύξ
943 3651 1030 3729 Φύῖτ’
1054 3647 1221 3728 ἄμβροτος.

357 3752 562 3820 Coniunctivi
581 3754 683 3819 torma
701 3754 855 3835 φήίομοει,
878 3753 1024 3834 otiarer,
1047 3755 1226 3837 φύιώμεσύει
1243 3761 1385 3842 correpta
1397 3758 1502 3824 vocali

313 3867 360 3927 est
382 3859 473 3925 Iliad.
499 3871 535 3925 T.
564 3857 639 3926 172.

314 4033 489 4045 amu

350 4151 360 4194 1
364 4157 375 4211 p
393 4145 505 4196 Eiusdem
520 4147 683 4196 annotationis
700 4148 797 4196 miserae
812 4148 923 4213 reliquiae
939 4153 1020 4199 extant
1036 4150 1060 4198 iu
1077 4148 1183 4214 thrnol.
1202 4149 1292 4214 Magno
1309 4165 1361 4216 pag.
1384 4151 1443 4210 199,
1462 4155 1504 4204 52.

313 4237 354 4287 uhi
373 4239 461 4287 formae
477 4235 551 4298 ’ύβλην
568 4255 595 4287 ex
612 4239 703 4287 incerto
722 4243 790 4304 potia
806 4239 939 4304 exemplum
956 4241 1054 4290 effertur
1070 4240 1127 4288 hoc:

685 4327 753 4376 τύύεν
772 4325 798 4376 δὲ
817 4327 892 4385 cienda
911 4327 1012 4386 εὐπετὲς
1031 4326 1121 4390 ’ύβλης;

315 4421 377 4484 quod
391 4421 443 4485 quie
457 4419 608 4470 emendabit?
625 4419 708 4479 βλείης
726 4436 774 4470 non
792 4419 859 4480 βλεής
876 4421 1002 4486 legendum
1016 4435 1065 4472 esse
1078 4421 1168 4469 cenauit
1183 4421 1277 4470 Ahrens
1290 4421 1320 4470 de
1334 4420 1403 4471 Dici.
1413 4422 1503 4471 Dorica

313 4525 365 4576 pag.
389 4511 446 4560 ³³8·
480 4509 525 4558 Sed
548 4507 578 4557 ού
591 4525 623 4558 aa
647 4511 823 4560 ecnirrnetivum
840 4512 944 4576 postulat
960 4510 1155 4574 scribendumque
1171 4509 1270 4575 βλεΙης,
1288 4515 1315 4562 ut
1332 4511 1414 4576 ςείης,
1433 4510 1501 4576 θείης·
