3296 5104
696 363 739 432 25

165 554 341 643 Complura
371 558 468 622 huius
501 557 614 622 erroris
645 554 792 641 exempla
824 555 1015 646 collegimus
1043 559 1078 622 in
1107 557 1184 624 Νοο.
1218 557 1311 622 Leett.

115 685 194 752 pag.
220 661 286 728 362
310 685 355 749 sq.
380 668 418 728 ut
441 663 603 748 Aristopb.
635 661 718 752 Veop.
745 661 848 728 1404.

355 771 381 834 εῖ
405 769 439 843 vir
464 770 514 834 Δί’
538 769 607 833 sieri
631 778 686 842 σιῖς
713 779 810 844 κακοῖς
836 770 981 847 γλώττης
1006 771 1093 836 ποθέν

352 875 460 954 πυροὺς
485 877 586 956 πρίαιο
615 881 778 956 σωφρονεῖν
802 873 840 939 ἄν
864 900 915 953 μοι
939 875 1066 941 bosen.

120 987 156 1048 et
187 983 222 1045 in
252 979 399 1046 Isocratis
428 981 530 1067 Epist.
564 980 649 1046 VIII.
676 979 708 1046 9.
732 978 808 1046 οὕτω
832 983 858 1046 δ’
882 981 921 1045 ἄν
944 1006 994 1060 μοι
1019 985 1149 1049 δοκΕΙπε
1172 982 1313 1049 καλλιςα

118 1086 371 1165 βουλεύσασθαι,
404 1087 460 1154 ubi
493 1091 528 1152 in
559 1087 651 1152 libris
674 1094 723 1152 est
745 1093 882 1172 (praeter
905 1087 1138 1174 Ravennatem)
1162 1089 1255 1161 δοκοῖς
1281 1095 1313 1154 et

120 1195 268 1268 δοκσθητε.
300 1200 332 1258 et
362 1197 397 1258 in
426 1191 575 1260 Oratione
602 1193 749 1260 Isocratis
771 1193 809 1259 V.
837 1193 890 1259 40.
916 1191 966 1260 ὅτε
986 1196 1048 1273 μὲν
1073 1197 1090 1270 ἡ
1115 1193 1203 1267 πθλις
1230 1198 1311 1272 ἡμῶν

121 1337 169 1348 -
201 1298 376 1367 {descissere
407 1300 489 1364 οὐδὲν
521 1299 559 1365 ῖιν
591 1301 741 1378 ἦγσῠμΛΙ
773 1302 956 1380 περανθῆναι
988 1302 1118 1378 τούτων,
1151 1303 1196 1366 sio
1227 1301 1313 1365 solus

121 1403 276 1482 Urbinas,
308 1409 423 1471 caeteri
454 1427 562 1472 omues
594 1407 744 1484 ἡγούμην.
794 1405 931 1472 Urbinas
962 1413 1046 1473 errat
1077 1429 1151 1472 oum
1182 1409 1313 1472 caeteris

121 1510 147 1576 I.
178 1509 230 1575 12.
254 1509 293 1576 δι’
318 1507 355 1574 ὧν
379 1509 418 1576 οἶν
441 1535 492 1590 μοι
516 1512 669 1578 doxOIth
683 1551 724 1561 -
738 1521 865 1581 rasisse
886 1513 1059 1592 ἐπιδοῦναι,
1080 1513 1138 1578 ubi
1149 1512 1313 1578 Bskksrus

121 1615 286 1682 intellexit
317 1617 412 1690 δοκεῖς
442 1639 554 1684 verum
588 1639 664 1684 esse.
712 1618 891 1684 Attulimus
923 1620 1066 1685 eiusdem
1099 1619 1208 1684 mendi
1232 1637 1314 1683 nova

122 1722 272 1809 exempla
295 1724 335 1788 ad
359 1723 577 1810 Xenophontis
604 1725 813 1810 Cyropoediom
836 1726 949 1790 Maera.
972 1724 1070 1791 1875.
1090 1746 1163 1813 pag.
1186 1722 1251 1788 393
1264 1745 1310 1808 sq.

121 1829 219 1895 Nune
240 1829 406 1895 videamus
429 1833 484 1915 qui
507 1830 568 1896 loci
590 1830 814 1896 Demosthenis
837 1831 878 1896 sd
900 1832 982 1896 bane
1005 1831 1110 1897 luoem
1135 1829 1313 1917 corrigendi

120 1937 290 2020 supersint
338 1935 454 2001 Editur
482 1956 555 2024 pag.
591 1935 665 2001 192.
691 1935 721 2000 4.
747 1938 902 2016 παρελθὼν
927 1943 1041 2017 πρῶτος
1066 1938 1126 2015 ἐγὼ
1150 1939 1312 2018 παρῄνεσα

125 2079 167 2090 -
193 2037 239 2106 ὅτι
271 2065 322 2118 μοι
356 2048 518 2124 σωφρονεῖν
550 2041 588 2107 θον
619 2041 753 2107 δοκΟΙπε
785 2045 810 2106 εῖ
843 2044 898 2118 τὴν
923 2042 1079 2124 πρόφασιν
1103 2079 1117 2092 ·
1143 2043 1274 2107 ποιοῖσθε
1298 2077 1312 2090 ·

124 2146 409 2227 παρασκευάζοισθε
440 2187 481 2196 -
506 2148 679 2225 ἀμύνοισθε.
726 2149 838 2214 Nonne
868 2151 1072 2234 perspicuum
1104 2153 1152 2213 est
1181 2147 1312 2212 δσκΕΙσε

124 2251 266 2338 requiri?
299 2254 413 2320 diserte
444 2256 478 2318 in
502 2253 526 2320 S
549 2254 664 2320 δοκεῖτε
688 2257 844 2340 seriptum
868 2261 917 2320 est
939 2254 993 2320 sed
1018 2259 1137 2320 temere
1159 2265 1311 2339 spretum.

124 2357 214 2424 Idem
248 2356 354 2426 Codex
377 2362 508 2426 ποιεῖσθε
532 2366 565 2426 et
587 2359 741 2440 θμθνεσθε
765 2361 894 2428 exhibet
918 2359 1058 2438 soloeee,
1083 2360 1230 2424 medium
1252 2383 1313 2424 πα-

124 2467 381 2547 ρασκεοθζΟΙσθε
412 2467 560 2532 illaesum
593 2469 702 2532 evasit.
752 2465 805 2532 Sia
839 2466 956 2551 ubique
988 2468 1086 2532 etiam
1119 2468 1153 2529 in
1183 2466 1314 2551 optimis

124 2573 261 2638 testibus
284 2572 421 2651 μέμνασ’
446 2575 587 2641 terrers:
606 2573 702 2638 modo
721 2594 836 2638 verum
855 2573 916 2638 soli
933 2576 1077 2650 servant,
1099 2571 1193 2636 modo
1214 2571 1313 2635 iidem

124 2679 284 2756 titubent,
310 2679 438 2757 fallunt,
464 2682 673 2746 mentiuntur.
723 2678 798 2743 Vidi
817 2679 925 2744 doctos
944 2679 1090 2742 homines
1110 2679 1166 2762 qui
1189 2673 1316 2743 Codicis

126 2780 149 2847 S
179 2790 408 2869 praestantiam
439 2785 537 2852 stulte
569 2788 680 2851 mirati
712 2805 787 2852 eum
818 2787 973 2850 vitiorum
997 2789 1159 2868 expertem
1183 2795 1215 2846 et
1239 2783 1316 2848 οῖνα-

128 2889 283 2970 μθρσνπον
313 2894 415 2978 inepti
446 2893 617 2958 crederent.
665 2890 803 2956 Nullum
835 2895 883 2956 est
912 2890 1100 2955 mendorum
1124 2909 1226 2976 genus
1249 2895 1317 2955 tam

128 2997 319 3075 absurdum,
351 3001 442 3064 euius
475 3018 539 3063 uon
558 2997 705 3084 exempla
730 3003 766 3061 ut
788 3000 822 3061 in
846 2995 919 3062 aliis
939 2995 1032 3060 libris
1055 2993 1134 3060 Mss.
1161 2997 1205 3060 sio
1229 3001 1262 3060 et
1283 2997 1318 3059 in

128 3101 150 3167 S
173 3103 338 3189 complura
358 3107 565 3190 reperiantur.
601 3103 691 3169 Dabo
711 3125 813 3168 uuum
834 3107 867 3168 et
887 3101 1025 3167 alterum
1037 3099 1199 3179 γεύματος
1211 3100 1314 3183 χάριν.

128 3209 259 3276 Dixerat
282 3209 511 3276 Demosthenes
535 3231 641 3276 severe
665 3215 697 3276 et
720 3212 862 3297 graviter
884 3229 956 3296 pag.
983 3204 1058 3273 157.
1080 3206 1111 3273 9.
1133 3208 1192 3272 οὐδ’
1210 3208 1318 3274 alete-

130 3339 228 3380 νονπαι
256 3315 363 3381 πάντα
388 3317 440 3381 καὶ
465 3317 507 3381 τὰ
532 3325 587 3392 τῆς
613 3317 729 3387 πόλεως
755 3315 806 3380 καῖ
826 3316 869 3380 σοὶ
891 3321 1011 3379 ΟΦΩΝ
1033 3323 1191 3380 ΑΤΤΩΝ
1210 3321 1317 3396 μικροῦ

54 3443 61 3470 ⁸
130 3422 295 3499 λήμματος
328 3428 511 3494 πωλοῦντες.
544 3423 621 3508 quid
649 3419 693 3487 el
726 3421 859 3486 absurde
890 3420 979 3486 dedit
1009 3419 1094 3486 κατθι
1120 3421 1183 3486 σοὶσ
1206 3422 1316 3500 navae

129 3529 244 3606 αὐτῶν,
270 3545 351 3612 quae
373 3549 467 3594 nemo
486 3530 630 3594 correxit.
663 3527 752 3592 Idem
771 3548 844 3615 pag.
868 3525 1010 3592 106.11.
1031 3529 1315 3614 ριοἘΚΔΕΤΟΤ

131 3631 175 3718 (ἔκ
205 3634 236 3698 δὲ
267 3637 335 3714 σοῦ)
366 3636 517 3712 ὀλιγώρως
547 3635 628 3711 ὑμᾶς
664 3633 747 3713 ἔχειν
778 3671 792 3683 -
815 3633 948 3713 Φοβερὸς
979 3637 1075 3698 πᾶσιν
1105 3633 1257 3708 Ἕλλησιν
1289 3636 1316 3715 (θ

130 3739 318 3826 Φθλιππσς),
344 3743 470 3825 scripsit
494 3740 625 3805 ἕκαστον
649 3742 799 3817 ὀλιγώρως
825 3741 907 3816 ὑμᾶς
932 3735 1015 3819 ἔχειν
1034 3741 1101 3806 sine
1122 3759 1233 3806 sensu:
1252 3763 1316 3807 eor-

128 3849 262 3910 reotores
286 3849 400 3910 tarent.
447 3845 511 3912 Sed
533 3844 612 3911 illue
635 3846 719 3911 unde
739 3847 900 3933 digressus
921 3867 993 3910 sum
1014 3851 1164 3912 revertor.
1194 3846 1316 3913 Eodem

127 3950 235 4016 mendi
256 3971 389 4037 genere,
413 3951 452 4016 de
476 3971 538 4035 quo
562 3954 707 4038 agimus,
728 3957 894 4037 corruptus
914 3956 962 4017 est
982 3951 1071 4018 loeus
1092 3951 1317 4020 Demosthenis

129 4078 199 4145 pag.
226 4054 281 4122 62.
308 4055 361 4120 12.
381 4057 441 4120 νννῖ
462 4057 525 4136 γὰρ
547 4057 697 4135 Θηβαίοις
719 4059 790 4137 πρὸς
810 4058 867 4135 μὲν
886 4058 920 4122 πὸ
940 4059 994 4131 τὴν
1016 4059 1121 4140 χώραν
1138 4060 1315 4136 κεκομίσθαι

130 4163 269 4231 κθλλιςα
294 4163 492 4240 πέπρακται,
519 4165 589 4242 πρὸς
615 4163 646 4227 δὲ
666 4163 758 4240 σιμὴν
778 4163 830 4227 καὶ
854 4162 945 4240 δόξαν
964 4165 1118 4244 αῖσχιςα·
1143 4168 1168 4230 si
1190 4167 1252 4247 γὰρ
1272 4169 1316 4246 μὴ

130 4271 267 4347 παρῆλθε
298 4269 451 4342 Φίλιππος
476 4270 558 4333 οὐδὲν
581 4267 619 4334 ἂν
643 4270 748 4342 αὐτοῖς
773 4273 942 4336 ἘΔΟΚΕΙ
968 4267 1055 4336 εἶναι.
1103 4272 1200 4338 Estne
1222 4273 1318 4363 longa

130 4373 355 4440 deliberatione
385 4394 464 4459 opus
494 4381 531 4440 ut
563 4383 712 4462 appareat
744 4375 828 4442 δοκεῖ
854 4399 968 4445 verum
1001 4399 1085 4456 esse,
1115 4399 1178 4444 non
1201 4377 1316 4446 ἒθθκει1

131 4478 272 4547 Thebani
305 4478 469 4546 Boeotiam
501 4489 761 4568 recuperaverant
794 4504 856 4549 non
888 4503 945 4549 suo
967 4483 1073 4550 Marte
1095 4483 1148 4550 sed
1171 4483 1317 4573 Philippi
