3308 5090
689 371 753 442 157

135 567 191 628 sut
224 561 376 649 loquatur
408 567 575 648 tauquam
607 563 675 649 ipse
706 565 773 628 suis
802 562 909 630 verbis
939 561 1122 652 significans
1150 564 1323 630 inducitur.

135 667 321 751 ἐμακάριζον
355 670 411 744 τίρν
443 667 563 748 μητέρα
596 665 661 734 οίοιν
692 668 803 734 τέκνοιν
833 668 958 750 ἐκύρησε
987 670 1118 755 perinde
1147 675 1196 736 est
1226 691 1263 736 ao
1297 671 1325 736 si

136 775 285 841 dixisset:
317 774 540 856 μακαρίζοντες
563 772 672 854 ἔλεγον
702 771 797 852 »σίων
819 773 930 840 τέκνοιν
954 773 1139 856 έκύρησαςί”
1170 778 1268 844 etsie
1290 777 1325 840 in

134 885 266 947 caeteris
289 882 450 947 omnibus.
481 880 589 968 Igitur
606 883 662 966 qui
682 881 941 969 indignabundus
960 882 1044 969 apud
1063 883 1236 971 recogitat
1255 879 1324 954 οίοις

134 989 267 1062 ιίπύλις
299 988 488 1066 συμβούλοις
518 983 653 1067 χρῆταιί
689 987 728 1052 de
758 1007 795 1052 eo
826 987 943 1053 dicitur
974 989 1154 1066 οίρανακτεῖ
1183 985 1323 1063 οίοιςιί

134 1093 223 1166 τίλις
248 1093 439 1173 συμβούλοις
462 1099 597 1175 χρῆται.
623 1098 655 1159 et
676 1113 733 1178 pro
756 1091 824 1164 οίοις
848 1095 876 1158 si
898 1095 971 1180 quis
989 1093 1082 1166 ποίοις
1104 1093 1208 1159 dicere
1226 1091 1325 1158 vellet

134 1199 270 1266 absurde
299 1200 488 1286 loqueretur.
538 1199 587 1264 Ex
619 1197 761 1265 eiusdem
790 1201 837 1264 rei
868 1199 1086 1265 observatione
1109 1197 1325 1265 emendandus

134 1310 182 1370 est
210 1305 302 1372 locus
332 1305 459 1371 Libanii
488 1304 546 1371 HI.
582 1302 658 1370 191.
684 1303 714 1368 4.
738 1305 790 1369 τίν
814 1303 936 1386 πατέρα
960 1330 1002 1370 τε
1027 1305 1249 1385 λέγωνκαὶ
1275 1299 1324 1369 οία

135 1413 312 1490 ἠδικημένος
337 1407 385 1476 οίοι
410 1415 552 1476 ποιοῦντα
575 1411 627 1475 τδν
650 1412 752 1476 παῖδα
775 1411 828 1494 ὁρᾷ
852 1413 904 1476 τὸν
922 1411 1054 1490 ἑαυτοῦ,
1078 1415 1250 1478 imovero:
1272 1409 1324 1476 τὸν

135 1518 256 1600 πατέρος
281 1519 403 1584 ἐλεῶν
422 1513 472 1582 οίιι
496 1517 682 1596 ἠδικημένος.

176 1625 301 1691 Eodem
325 1644 420 1710 opera
441 1623 693 1691 subveniendum
716 1623 875 1690 Dinaroho
899 1624 986 1690 κατίι
1010 1622 1220 1702 Δημοσθένους
1243 1643 1319 1710 pag.

134 1730 188 1798 92.
214 1729 269 1796 34.
301 1730 428 1808 ἑτοίμων
452 1729 621 1809 γενομένων
644 1735 703 1794 τῶν
730 1727 889 1811 ’Λρκοίδων
912 1731 1033 1809 βοηύεῖν
1056 1731 1107 1794 καί
1132 1727 1325 1805 ἐλεησάντων

133 1839 161 1902 έν
186 1833 230 1910 ode
253 1833 333 1910 ἦσαν
356 1844 472 1908 κακοῖς.
496 1838 549 1902 cui
570 1835 758 1902 reddamus:
784 1837 813 1900 έν
840 1845 957 1903 0101c
981 1832 1057 1913 ἦσαν
1081 1845 1199 1910 κακοῖς.

177 1943 358 2010 Emendate
394 1942 478 2028 epud
510 1941 684 2008 Libenium
715 1940 771 2008 IV.
795 1941 873 2008 400.
899 1941 952 2008 15.
987 1943 1151 2009 scribitur:
1187 1939 1326 2024 ςενύζειν

134 2044 182 2114 οία
205 2051 272 2114 ιίνί’
295 2047 360 2116 οίοιν
385 2048 557 2130 κομίζεται.

552 2261 611 2339 Ὀ,
636 2259 654 2333 ἦ
679 2263 755 2335 σῶς,
779 2256 814 2322 τύ
837 2263 908 2326 σῶν.

177 2415 335 2480 libanius
356 2413 391 2476 in
414 2413 465 2477 nis
486 2410 598 2476 formis
626 2411 807 2476 Atticorum
831 2408 1092 2475 consuetudinem
1117 2414 1244 2475 secutus
1267 2415 1325 2476 est.

135 2518 303 2606 Sequiores
326 2539 382 2605 pro
406 2520 423 2593 ιί
448 2522 506 2589 σῶς
527 2518 544 2591 ἡ
568 2518 633 2581 σῶα
659 2514 896 2581 substituebant
914 2521 946 2580 et
967 2522 1041 2580 σῶον
1059 2536 1116 2601 pro
1135 2522 1193 2580 σῶν
1209 2522 1242 2581 et
1261 2521 1325 2582 σῶα

134 2647 189 2712 pro
211 2631 266 2691 σῶ.
315 2623 491 2688 Emendate
521 2621 642 2710 legitur
665 2618 719 2686 IV.
745 2616 821 2684 337.
847 2619 879 2684 2.
904 2627 963 2694 σῶς
987 2622 1044 2699 μέν
1068 2624 1085 2698 ἡ
1110 2622 1242 2701 πατρίς,
1268 2627 1326 2694 σῶς

136 2735 165 2799 δὲ
192 2736 209 2808 ἠ
236 2729 369 2802 Ἐλλοίς.
393 2734 431 2794 ut
453 2728 537 2814 apud
560 2727 825 2812 Aristophanem:

318 2833 410 2908 οίίτιις
437 2833 475 2899 ἂν
500 2835 572 2912 ἡμῖν
597 2836 614 2908 d
638 2832 727 2906 πόλις
751 2829 877 2909 μοίλιςοι
901 2837 959 2904 σῶς
981 2830 1019 2896 ύιν
1044 2831 1100 2906 είη.

135 2947 188 3012 sed
210 2947 329 3010 vitiose
350 2940 405 3007 IV.
429 2937 506 3006 820.
532 2938 583 3004 14.
610 2938 647 3002 σὺ
667 2940 723 3013 μὲν
743 2933 779 3016 (ὦ
801 2937 917 3022 Θησεῦ)
939 2936 1051 3020 ᾤκισας
1070 2939 1125 3014 την
1145 2939 1244 3018 πόλιν,
1264 2941 1327 3018 ἐγὼ

135 3052 165 3118 δὲ
189 3049 280 3116 csso
309 3048 452 3127 έτιίρησα.
499 3045 597 3111 Recte
622 3043 773 3110 scribitur
794 3043 820 3108 I.
846 3041 922 3107 625.
950 3041 1002 3107 15.
1028 3045 1052 3108 εί
1077 3052 1135 3116 σῶς
1161 3047 1326 3111 ε’ποίνεισιν.

136 3165 167 3223 et
189 3155 232 3222 Π.
257 3154 335 3220 201.
360 3153 394 3218 τί
417 3161 473 3226 τῆς
497 3152 610 3232 Τύχης
636 3157 693 3215 σῶν
718 3149 779 3215 ε’ςίν
800 3147 893 3228 ίιρίν,
918 3149 972 3214 sed
991 3169 1157 3236 perperam
1175 3148 1228 3215 IV.
1253 3149 1327 3216 142.

138 3261 191 3328 18.
215 3268 306 3327 σῶον
329 3259 388 3338 μέν
413 3259 460 3328 eet
482 3257 593 3336 μοιτί
618 3263 720 3334 σῶμα.

308 3473 385 3553 Ούχ
410 3465 490 3542 ύπιος
514 3467 587 3555 (ούχ
611 3463 670 3554 ύτι)
696 3502 737 3515 -
762 3465 853 3530 οίλλοὶ
876 3467 930 3531 καί
953 3463 1044 3558 (ἀλλ’
1071 3465 1164 3556 οὐδέ).

179 3625 336 3692 Videmus
366 3642 457 3708 saepe
486 3623 521 3684 in
545 3639 581 3686 eo
604 3637 720 3707 genere
742 3615 895 3703 loquendi
913 3614 1062 3684 librarios
1085 3623 1117 3683 et
1140 3623 1329 3686 correctores

134 3735 315 3820 impingere
348 3731 423 3815 quia
453 3731 595 3793 veterem
627 3723 752 3790 dicendi
782 3743 879 3788 usum
908 3743 972 3788 non
996 3723 1155 3790 tenebant.
1193 3724 1329 3813 Legitur

136 3840 219 3926 apud
241 3838 416 3903 Libanium
441 3831 494 3898 IV.
518 3829 593 3897 709.
617 3828 670 3895 19.
697 3827 798 3906 οίομοιι
822 3827 929 3906 δείξειν
954 3829 1046 3893 αὐτὸν
1071 3832 1131 3909 οὐχ
1152 3825 1231 3901 ύπιος
1246 3831 1328 3916 [ούκ]

137 3945 300 4024 εὐεργέτην
325 3942 413 4023 οίλλίι
437 3939 489 4004 καί
512 3935 636 4018 πονηρὸν
661 3937 704 4008 είς
725 3936 818 4012 ὑμᾶς.
854 3935 1003 4000 Indoctus
1023 3934 1195 4002 homuncio
1214 3935 1253 4000 de
1271 3956 1329 4002 suo

137 4053 189 4117 σύκ
218 4050 356 4116 intersit.
400 4044 475 4111 Sine
504 4043 620 4111 mendo
650 4041 805 4108 dedenmt
834 4040 859 4106 Ι.
896 4039 972 4106 664.
1006 4040 1058 4105 14.
1088 4036 1138 4115 aie
1162 4043 1223 4123 οὐχ
1247 4036 1327 4114 ὅπως

136 4167 246 4240 χεῖρας
276 4157 453 4230 ἐπήνεγκαν
485 4152 561 4216 ἀλλ’
592 4149 656 4214 cote
687 4145 753 4212 ίίσον
782 4149 824 4219 είς
855 4146 994 4225 βλέμμα
1017 4147 1174 4226 παροινίας
1200 4146 1328 4230 ἔρχεται

137 4265 301 4346 Φαίνονται
334 4257 564 4333 λελυπηκίτες.
600 4261 633 4322 et
658 4253 714 4319 HI.
741 4251 817 4318 339.
844 4250 874 4318 7.
900 4251 1018 4325 πόλεως
1042 4252 1260 4327 τοσαύτης-
1283 4257 1328 4332 μίρ

137 4367 214 4442 dces
239 4367 336 4449 έριοτα
360 4364 474 4443 λαβεῖν
499 4361 587 4428 οίλλοὶ
610 4360 663 4427 καί
689 4357 872 4424 ὑποσποίσαι
895 4357 930 4424 τύ
954 4357 1076 4438 βοίύρον.

179 4473 378 4542 hilterandus
401 4470 503 4538 simili
525 4489 627 4538 errore
650 4471 698 4534 est
719 4463 809 4533 loeus
830 4463 1055 4533 Demosthenis
1077 4484 1153 4553 pag.
1173 4464 1251 4532 911.
1271 4465 1325 4532 20.
