3356 5086
876 341 940 408 306

319 542 357 602 ut
377 544 416 600 H.
442 530 516 600 140.

609 635 704 704 οὕνεκ’
730 634 779 716 ἄρ’
803 639 836 702 ού
861 635 973 714 τόξοισι
997 633 1190 716 μαχέσκετο.

321 752 353 810 st
376 759 417 812 Λ.
444 743 495 810 79.

525 847 618 913 οὕνεκ’
642 845 702 927 ύρα
727 848 879 926 Τρώεσσιν
904 846 1051 925 ἐβούλετο
1074 847 1162 918 κῦδος
1185 847 1295 928 όρέξοοι.

319 959 352 1018 st
374 963 415 1019 N.
441 953 519 1023 461.

454 1059 550 1128 οὕνεκ’
573 1059 621 1142 ἄρ’
645 1060 749 1125 ἔσύλόν
773 1059 862 1125 ἐόντα
886 1060 956 1137 μετ’
979 1059 1121 1140 ἀνδράσιν
1145 1059 1210 1125 ούτι
1233 1061 1363 1126 τόεσκεν.

322 1171 354 1230 et
377 1174 424 1230 Ω.
449 1165 523 1233 607.

544 1269 639 1338 οὕνεκ’
661 1269 721 1352 ἄρα
745 1279 846 1346 Λνιτοῑ
866 1268 1025 1337 τιτύσκετο
1050 1273 1262 1354 καλλιπαρῄῳ.

880 1581 954 1646 XX.

649 1791 781 1859 Fusias
803 1787 977 1854 Homini
1000 1807 1040 1854 an
1065 1792 1188 1858 Annos

842 1927 934 1978 nuso
959 1919 990 1976 C.

370 2110 461 2192 Quod
486 2109 626 2174 dixImns
648 2111 682 2173 in
706 2112 783 2174 artis
805 2107 940 2174 infantia
961 2110 1190 2196 magIstrorum
1214 2113 1379 2194 tamquam
1401 2131 1516 2196 puoro-

324 2238 397 2286 rum
418 2217 551 2294 παίγνια
571 2214 726 2298 quaedam
746 2218 778 2279 ot
800 2213 939 2278 ludibria
962 2213 1058 2278 fuisse
1081 2213 1282 2295 ύντιφρύσειι
1306 2221 1338 2281 et
1361 2217 1516 2280 οὶνσιπτύ-

325 2347 387 2393 σεις
419 2328 452 2387 et
481 2319 645 2391 οὶποκοπύς
677 2325 709 2384 st
739 2317 923 2395 ἐναλλαχύς
956 2339 1049 2384 omno
1079 2339 1182 2407 genus
1211 2321 1346 2397 numeri,
1377 2323 1514 2403 ρειιοσόε,

325 2429 480 2512 temporis,
501 2432 539 2492 ut
558 2445 678 2512 magna
696 2427 856 2512 gravitate
877 2428 967 2508 quasi
986 2429 1067 2490 esset
1090 2425 1212 2511 aliquid
1231 2446 1322 2511 saepo
1339 2427 1513 2494 ffioerotur:

325 2534 489 2618 ον’κρκόσνὶο
515 2553 571 2616 pro
594 2531 729 2615 ρόκσοόί,
764 2534 820 2594 aut
850 2530 1044 2594 οιαοοκόόιιιιιιι
1063 2554 1123 2614 pro
1144 2533 1317 2618 feminino,
1345 2538 1401 2597 aut
1422 2556 1514 2616 prae·

325 2661 391 2704 οιιυι
408 2660 465 2722 pro
479 2638 610 2722 futuro,
638 2656 674 2701 ea
698 2656 737 2700 ns
760 2635 963 2701 Aristarchus
985 2637 1112 2722 quidam
1129 2639 1243 2703 omnia
1262 2644 1445 2723 aspernatus
1465 2645 1514 2704 est

326 2764 362 2810 ao
384 2743 511 2824 derisit,
532 2745 569 2805 ut
592 2741 690 2828 digna
713 2745 818 2817 orant,
843 2741 897 2805 ssd
917 2746 949 2805 ot
967 2745 1035 2828 Ipsa
1054 2744 1089 2807 in
1108 2744 1234 2808 eosdem
1254 2742 1382 2828 laqueos
1402 2765 1515 2828 quam-

325 2869 422 2936 quam
441 2846 546 2911 multo
564 2849 665 2911 rarius
684 2867 781 2932 quam
801 2849 916 2912 caeteri
934 2847 1040 2912 induit
1059 2869 1126 2914 soso
1143 2851 1385 2934 pronuntiatque
1397 2868 1512 2914 sunm:

326 2953 432 3024 ένεςὼς
464 2951 532 3017 ἀντὶ
563 2950 747 3035 μέλλοντος,
772 2975 916 3035 praesens
939 2976 998 3036 pro
1021 2954 1152 3038 futuro,
1186 2957 1277 3039 quasi
1299 2959 1380 3020 esset
1404 2975 1442 3022 ea
1464 2976 1514 3022 res

327 3058 576 3146 simplicissIma.
622 3058 801 3123 Audiamus
823 3060 943 3142 ipsum.
991 3059 1074 3124 Iliad
1098 3078 1126 3124 n.
1151 3057 1228 3124 286.

599 3163 664 3227 ούδέ
688 3187 733 3228 τοι
766 3162 1030 3228 ἐκτελέουσιν
1063 3161 1241 3244 ὑπόσχεσιν.

330 3273 346 3346 ἦ
377 3270 472 3343 διπλῆ
503 3270 575 3350 πρός
605 3271 660 3343 τὴν
690 3268 870 3347 ἐναλλαγὴν
901 3273 954 3333 τοῦ
978 3267 1086 3350 χρόνου
1108 3265 1154 3334 ότι
1177 3270 1245 3334 ύντὶ
1269 3273 1323 3335 τοῦ
1355 3271 1516 3337 ἐκτελέ-

329 3398 476 3442 σουσιν.
513 3373 603 3439 Iliad.
629 3383 653 3438 1.
680 3372 756 3439 166.

464 3479 519 3543 καό
540 3502 586 3543 τοι
612 3478 669 3543 ὑπὸ
694 3479 836 3559 σκήπτρῳ
859 3479 996 3560 λιπαροὶι
1020 3481 1209 3545 τελέουσι
1235 3481 1373 3558 tineent.

329 3589 346 3662 d
370 3586 464 3659 διπλῆ
487 3581 532 3650 ότι
555 3584 661 3665 χρόνος
686 3587 843 3660 ἤλλακται
869 3585 1076 3650 τελέουσιν
1100 3586 1168 3650 atvs>
1189 3590 1242 3651 τοῦ
1266 3586 1516 3656 τελόσουσιν.

327 3691 418 3758 Iliad.
447 3699 484 3753 O.
510 3688 587 3755 351.

733 3795 823 3860 ύλλόι
846 3797 932 3870 ιιύνεο
957 3796 1099 3875 ἐρύουσιν.

329 3905 346 3978 ἡ
372 3903 465 3975 διπλῆ
489 3897 535 3965 ὅτι
561 3901 680 3967 ἒνεςῶτι
704 3900 773 3964 aar)
797 3899 965 3979 μέλλοντος
990 3902 1149 3982 κέχρησαι.
1197 3902 1288 3970 Iliad.
1314 3915 1355 3970 A.
1380 3905 1458 3972 464.

692 4005 768 4070 ἀλλ’
794 4006 884 4072 οἰωνοὶ
909 4009 1029 4086 duaco>
1054 4007 1196 4090 ἐρύουσιν.

326 4112 481 4180 scholion:
514 4110 713 4192 έρύουσιντ
750 4111 1021 4193 προπαροξύνεται.
1055 4117 1243 4192 όνύλλακται
1276 4117 1339 4199 γὰρ
1369 4118 1514 4190 σ’ἕνεςύιο

326 4219 431 4300 χρόνος
462 4217 530 4282 aas}
562 4221 615 4280 τοῦ
647 4217 824 4294 μέλλοντος.
858 4217 933 4284 σύτο
966 4219 1018 4284 καὶ
1049 4219 1245 4301 Ἀρόςαρχος.
1291 4222 1380 4289 Idam
1404 4245 1515 4290 vorsus

328 4326 378 4391 bin
399 4323 521 4409 legItur
543 4323 633 4388 Iliad.
658 4334 700 4388 Α.
725 4322 789 4388 365
814 4329 846 4389 at
870 4335 908 4390 Τ.
936 4325 1012 4390 452.

735 4423 753 4500 ἦ
776 4430 826 4504 όύν
851 4432 880 4494 σ’
904 4429 1018 4508 ἐξανύω
1042 4454 1091 4508 χε.
