3348 5086
706 357 782 435 ’389

160 555 296 626 Homeri
323 559 449 624 imitari
478 561 580 643 putot.
635 557 806 644 Ecquando
834 556 993 648 philologi
1022 580 1130 645 sapere
1160 559 1349 627 audebimus

163 669 196 730 et
217 666 275 731 hos
302 669 537 751 poetastrorum
567 683 670 751 nugas
699 669 732 729 et
753 667 889 750 ineptias
910 671 1110 732 contemnere
1132 673 1165 732 et
1188 663 1350 733 derideret

163 771 267 853 Quum
289 774 332 835 sit
351 771 433 836 haec
455 769 571 835 stolide
593 777 625 836 et
648 770 783 836 absurde
811 771 940 859 lingue,
964 793 1027 858 qua
1048 771 1183 838 Homeri
1205 775 1351 838 imitator

162 878 284 944 scilicet
310 881 437 961 ututur,
466 896 531 941 uno
558 878 679 963 insigni
701 877 846 962 exemplo
869 879 1032 946 ostendere
1053 881 1154 945 iuvet.
1201 877 1351 944 Versetur

162 987 196 1050 in
218 984 325 1070 lepido
351 987 384 1048 et
413 985 516 1048 iocoso
545 987 735 1070 argumento
765 983 822 1048 lib.
846 983 907 1050 III.
935 1007 982 1050 vs.
1008 983 1061 1051 91.
1085 1008 1152 1072 sqq.
1200 984 1351 1066 Queritur

162 1088 268 1156 Venus
292 1089 331 1155 do
361 1086 437 1173 filii,
468 1085 653 1174 Cupidinis,
683 1092 890 1174 protervitate
919 1096 951 1156 et
975 1095 1185 1158 contumacia.
1233 1092 1350 1178 Propo·

162 1217 236 1262 nom
260 1195 370 1261 looum
391 1193 505 1282 lingue
526 1192 672 1280 populari
694 1197 869 1281 scriptum,
893 1196 1006 1262 deinde
1029 1195 1126 1263 verbe
1148 1201 1259 1282 poetae
1277 1198 1352 1264 sub·

162 1305 282 1368 iisdem.
303 1297 324 1366 ὦ
342 1301 424 1379 Ἥρα
446 1299 498 1364 καί
520 1300 653 1378 Ἀθηνά,
674 1302 796 1385 inquit,
817 1301 888 1378 ὑμῖν
907 1307 1030 1380 μᾶλλον
1050 1300 1087 1367 ἀν
1108 1304 1222 1369 πίθοιτο
1236 1303 1253 1379 θ
1266 1304 1349 1380 ἐμοί·

164 1409 246 1488 ὑμῶν
265 1407 323 1486 μέν
343 1406 406 1486 χάρ
427 1407 511 1492 αὐτῷ
532 1406 643 1486 καίπερ
662 1406 859 1490 ἀναισχύντῳ
877 1405 939 1473 θντι
959 1409 1050 1486 όλίγη
1071 1407 1111 1487 γέ
1134 1433 1180 1482 τις
1207 1410 1297 1481 atter
1321 1411 1351 1476 ἐν

163 1516 339 1597 όφθαλμοῖς
361 1511 445 1592 ἔται,
467 1513 541 1590 ἐμοῦ
563 1514 594 1578 δὲ
615 1513 697 1578 οὐδέν
717 1513 882 1594 Φροντίζει.
907 1516 982 1580 ἀλλ’
1002 1515 1050 1580 ἀεὶ
1071 1521 1233 1597 φιλονικῶν
1253 1539 1353 1580 κατα-

162 1627 276 1704 operer.
303 1621 358 1698 ἤδη
380 1621 412 1685 δέ
437 1619 489 1684 καί
515 1622 765 1701 ὑπεραλγήσασα
784 1622 826 1702 τῷ
845 1620 1013 1701 πράχματι
1038 1622 1192 1697 ἠπείλησα
1211 1621 1255 1687 τά
1275 1619 1350 1698 τόξα

163 1730 247 1809 αὐτῷ
277 1727 331 1792 καί
363 1728 433 1796 τοὺς
464 1726 563 1797 trecor
593 1726 823 1802 κατακλάσειν,
856 1731 871 1792 ό
902 1727 934 1792 δὲ
957 1727 1104 1808 ὀργισθεὶς
1127 1727 1353 1802 ἀντηπείλησεν

163 1831 208 1900 ότι
240 1836 266 1900 εί
298 1834 343 1912 μέν
375 1832 491 1911 καθέξω
523 1834 564 1898 τὼ
595 1840 703 1913 χεῖρε,
741 1830 795 1904 ἕως
827 1831 871 1898 έτι
903 1839 965 1922 τοῦ,
987 1837 1083 1912 θυμοῦ
1115 1843 1239 1915 κρατεῖ,
1272 1835 1352 1910 αὐτόν

162 1941 303 2021 ἐμαυτὴν
337 1938 530 2018 αἰτιάσομαι.
585 1937 676 2004 Haeo
704 1941 808 2026 igitur
840 1939 1029 2026 Apollonius
1065 1941 1111 2006 sio
1145 1939 1355 2028 grandiloquo

162 2051 303 2114 oratione
326 2049 415 2133 epioe
437 2047 587 2114 vestivit:

342 2154 421 2234 Ἥρη
446 2151 593 2228 ’λθηναίη
614 2175 670 2229 τε,
696 2151 812 2218 πίθοιτό
835 2176 885 2218 κεν
909 2152 990 2232 ὔμμι
1015 2150 1140 2230 μάλιςα

346 2259 363 2336 ἢ
387 2259 470 2338 ἐμοί·
496 2259 606 2337 ὑμείων
629 2258 692 2339 γάρ
716 2258 868 2341 ἀναιδήτῳ
892 2283 948 2343 περ
975 2259 1053 2326 ἐόντι

344 2367 437 2442 τντθιὶ
462 2368 496 2460 χ’
519 2366 610 2437 αἰδὼς
635 2363 736 2431 ἔσσετ’
758 2366 790 2430 ἐν
812 2364 966 2443 θμμασιν·
990 2363 1092 2447 cirico
1116 2365 1199 2443 ἐμεῖο

346 2474 400 2538 οθκ
422 2471 543 2552 θθεται,
562 2469 655 2551 μάλα
678 2472 705 2537 δ’
724 2471 790 2537 aiis
814 2472 991 2553 ἐριδμαίνων
1011 2470 1151 2553 ἀθερίζει.
1229 2540 1232 2546 ,

346 2580 398 2646 καὶ
422 2580 458 2657 δθ
480 2581 505 2644 oi
528 2579 660 2658 μενέηνα
683 2578 890 2659 περισχομένη
914 2577 1064 2654 κακότητι

345 2689 481 2752 αὐτοῖσιν
503 2683 615 2762 τόξοισι
639 2683 796 2764 δυσηχέας
820 2679 897 2761 ἀξαι
921 2683 1025 2757 dicatio

346 2793 504 2875 ἀμφαδίη.
528 2801 607 2858 τοῖον
629 2793 693 2873 yde
717 2792 906 2866 ἐπηπείλησε
929 2788 1106 2874 χαλεφθείς
1178 2816 1181 2821 ·

346 2901 372 2965 εί
394 2902 438 2979 μη
461 2898 564 2976 τηλόθι
587 2906 696 2979 χεῖρας
721 2894 775 2970 ἕως
798 2897 842 2962 ἐτι
870 2898 962 2975 θνμόν
985 2896 1083 2978 ἐρύκει

228 3047 231 3054 -
347 3003 404 3082 ἔξω
427 3006 506 3086 ἔμάς
531 3003 705 3085 μετέπειτά
729 3003 763 3080 γ’
787 3004 986 3082 ἀτεμβοίμην
1009 3004 1054 3069 eor
1076 3003 1165 3080 cirri.

208 3110 339 3178 flectent
367 3112 445 3179 hoec
476 3115 583 3197 vitiis,
614 3131 752 3198 quorum
782 3129 883 3195 peuce
913 3108 1011 3174 verbo
1037 3107 1177 3172 indicare
1198 3108 1275 3172 setis
1298 3109 1356 3171 est.

163 3219 349 3286 Absurdum
372 3241 437 3287 esse
461 3219 550 3286 vides
573 3217 654 3296 θμμι
679 3215 805 3296 μάλιςα
829 3215 846 3292 ἢ
872 3213 957 3291 ἐμοί.
982 3233 1039 3298 pro
1063 3217 1203 3290 μᾶλλον,
1228 3211 1355 3285 ἀναίδη-

163 3349 213 3398 τος
243 3347 302 3413 pro
334 3326 480 3402 ἀναιδής,
513 3325 617 3400 τηλόθι
651 3333 761 3405 χεῖρας
792 3321 876 3404 ἔχειν
908 3340 965 3406 pro
995 3319 1145 3400 κατέχειν
1174 3319 1215 3384 τὼ
1246 3325 1354 3400 χεῖρε,

164 3425 370 3513 ἀτεμβοίμην
394 3435 510 3499 omisso
541 3427 605 3508 ότι,
630 3431 836 3517 profuturo,
860 3450 916 3516 pro
941 3426 1111 3508 μέμφομαι
1135 3428 1299 3512 positum,
1325 3429 1357 3490 et

164 3541 389 3627 turpissimum
420 3541 565 3606 omnium
597 3540 642 3603 ἑοῖ
668 3559 725 3624 pro
756 3537 833 3614 ἐμοί.
880 3535 1005 3619 Nempe
1033 3534 1069 3598 hi
1100 3533 1288 3618 poitrestri,
1319 3534 1357 3596 ut

164 3652 278 3713 notum
309 3651 375 3722 est,
403 3648 504 3712 trium
531 3665 735 3732 personarum
766 3644 953 3728 pronomine
983 3644 1015 3705 et
1044 3640 1221 3724 possessiva
1241 3657 1357 3722 susque

164 3753 266 3840 deque
288 3753 409 3818 hebent
432 3757 464 3818 et
487 3752 653 3832 σΦωίτερος
679 3755 730 3830 (ut
748 3750 807 3813 hoc
827 3747 910 3832 uter)
932 3750 1054 3832 ponunt
1073 3765 1129 3830 pro
1149 3765 1246 3826 αειιι,
1271 3749 1358 3821 tuuc,

164 3883 254 3938 εκαε,
279 3866 397 3943 codor,
421 3865 534 3943 certer,
558 3860 648 3944 quasi
670 3855 753 3922 nihil
776 3854 952 3941 quidquem
969 3853 1162 3918 discriminis
1179 3853 1263 3916 inter
1280 3849 1359 3915 hooc

163 3969 274 4033 omniu
302 3965 524 4031 intercederet:
557 3969 590 4032 et
621 3963 738 4031 licebat
766 3963 807 4027 iis
835 3960 966 4047 quidem
990 3957 1079 4042 ioqui
1102 3975 1159 4021 suo
1183 3956 1357 4041 arbitratu,

163 4074 219 4141 sed
243 4073 284 4139 ob
309 4070 448 4138 Homero
478 4072 656 4138 abstineant
674 4089 806 4134 menum
828 4071 860 4133 et
882 4069 917 4130 in
941 4066 1016 4130 crisi
1039 4065 1219 4129 carminum
1237 4060 1358 4128 Home·

163 4184 307 4247 ricorum
338 4183 435 4245 testes
464 4200 504 4245 ne
536 4178 760 4265 producuntur.
795 4173 933 4239 intumos
954 4171 1041 4238 enim
1064 4189 1174 4235 omnes
1196 4168 1362 4235 intestabi-

164 4286 278 4374 lesque
302 4291 385 4351 sunt.
