3342 5080
742 291 806 371 tsi

180 493 322 580 saepius,
355 511 434 577 quae
464 512 564 579 quum
597 493 639 558 sit
669 489 819 580 legitima
850 513 1011 561 sacrorum
1042 497 1074 560 et
1100 493 1212 583 legum
1235 487 1373 562 formula

180 601 290 666 eadem
313 597 542 666 Demosthenes
566 598 599 664 h.
612 597 634 664 1.
659 599 710 662 uti
732 598 876 666 debebat.

222 809 303 898 Peg.
337 806 413 877 727.
447 807 501 874 16.
532 807 580 880 τῖς
612 807 675 889 γάρ
708 808 915 888 cirecestrae
939 807 1081 890 φαάλονο
1105 807 1295 889 άνάράποιις,
1320 807 1369 885 οὓς

177 911 252 981 ὅταν
282 913 372 993 ὑμεῖς
401 914 697 998 άποχειροτοννὶσκτε
726 913 973 992 άπαλλάξεταιι
1010 914 1175 983 Sententia
1197 917 1366 984 manifesto

179 1021 313 1107 requirit
342 1020 590 1101 ἀπηλλαγμένος
620 1017 705 1099 ἔται,
739 1024 847 1106 itaque
880 1026 1006 1088 mutata
1036 1021 1140 1091 vocali
1170 1023 1370 1089 scribendum

180 1124 423 1206 άτΗλλάξεται.
449 1128 489 1194 cf.
515 1127 555 1194 ad
577 1147 651 1215 pag.
677 1126 753 1192 465.
779 1125 833 1194 27.
899 1209 900 1214 ἵ

223 1338 305 1427 Peg.
338 1336 415 1408 729.
446 1338 500 1406 22.
531 1345 595 1414 πῶς
625 1333 691 1414 ota
726 1336 850 1418 άνάγκιρ
882 1339 924 1405 τά
947 1343 1081 1407 τοιαῦτα
1106 1339 1222 1406 διοικεῖν
1247 1341 1292 1411 ἐς)
1318 1339 1369 1408 διά

181 1443 396 1527 ψηφισμάτων
425 1443 477 1510 καὶ
511 1444 608 1522 νάμων
629 1451 692 1518 τοῖς
718 1445 775 1523 μὲν
799 1445 951 1528 εἰσφέρειν
974 1445 1219 1526 ἐπιτάττοντας,
1243 1448 1313 1521 τοὺς
1337 1449 1369 1514 δὲ

179 1559 371 1633 τριηραρχεῖν
402 1550 601 1629 κελεύοντας,
634 1551 704 1625 τοὺς
736 1551 767 1616 δὲ
797 1561 897 1616 πλεῖν.
944 1551 1032 1620 Male
1056 1553 1160 1620 divisa
1182 1554 1260 1620 haee
1283 1558 1369 1621 sunt.

182 1655 364 1738 Quaesivit:
394 1664 457 1730 πῶς
488 1655 537 1724 οὖν
567 1657 692 1737 άνάγκιι
716 1658 759 1723 τά
783 1664 916 1724 τοιαῦτα
941 1658 1060 1726 διοικεῖν
1083 1659 1164 1738 isim
1190 1664 1223 1725 et
1245 1680 1370 1745 respon·

183 1763 245 1828 dit:
270 1762 323 1829 διά
346 1761 562 1847 ψηφισμάτων
585 1763 639 1831 καὶ
663 1762 761 1844 νδριων
785 1766 850 1830 xri.

225 1974 304 2064 Pag.
338 1970 415 2041 730.
447 1973 479 2040 5.-
507 1979 570 2048 τοῖς
594 1974 638 2041 τά
660 1976 816 2058 χρήματα
840 1965 1047 2056 εἰσπράξομεν
1069 1976 1125 2041 ε’άν
1147 1974 1256 2048 ἕκαςος
1280 1975 1370 2057 ὀφλι-

182 2081 298 2147 σκάνων
322 2082 500 2161 ἔννοικτάς
524 2083 644 2163 καθα-ᾔ.
691 2081 811 2148 Melius
833 2083 867 2147 in
891 2081 962 2148 aliis
984 2081 1075 2147 libris
1096 2081 1218 2170 legitur
1236 2081 1290 2146 ἐὰν
1313 2078 1368 2155 εἷς

180 2185 299 2262 ἔκαε-ος.
347 2189 384 2254 In
408 2187 431 2254 S
453 2189 550 2274 periit
574 2197 640 2253 ele
663 2188 702 2253 ob
725 2208 857 2273 sequens
883 2195 1106 2265 echcT0c‚
1130 2193 1168 2254 ut
1186 2190 1369 2273 saepissima

180 2303 206 2360 Κ
229 2295 263 2360 in
285 2305 325 2360 lc
348 2294 530 2361 resolvitur.

224 2399 404 2467 Praesentis
427 2401 530 2466 forma
552 2400 748 2482 ὀφλισκάνων
770 2401 878 2488 arguit
901 2421 1038 2467 errorem
1059 2398 1289 2468 Graeculorum
1314 2404 1369 2487 qni

181 2527 282 2594 quum
306 2504 410 2588 ὄφλω,
431 2505 557 2588 ῖφλειι,
579 2507 686 2589 ὄφλοι,
709 2504 854 2588 ὄφλουσιν
873 2507 935 2592 ipsi
956 2507 1096 2572 dicerent
1113 2527 1170 2592 pro
1191 2507 1367 2588 ὀφλισκάνω

181 2616 213 2679 in
245 2601 393 2680 oinnibus
423 2611 595 2681 (lodicibus
624 2611 731 2695 ὅφλειν
762 2619 794 2679 et
823 2611 929 2692 ὅφλων
958 2615 1072 2680 vitiose
1101 2615 1279 2679 scribebant
1312 2636 1369 2701 pro

180 2722 289 2803 ὀφλεῖν
312 2726 345 2787 et
368 2716 490 2802 δφλάν,
516 2741 611 2806 quem
631 2719 925 2805 frequentissimum
945 2739 1083 2785 errorem
1102 2719 1136 2783 in
1154 2717 1368 2788 Demosthene

179 2831 303 2914 primus
333 2829 478 2895 omnium
508 2825 690 2894 Dindorfius
719 2829 873 2910 correxit,
907 2845 1100 2910 quamquam
1123 2827 1242 2911 passim
1265 2827 1368 2892 mani·
1396 2865 1398 2870 -

179 2934 296 3000 festum
327 2939 375 3000 est
407 2943 570 3000 οΦΑΕΙΝ
603 2938 636 3000 et
668 2941 825 2998 ΟΦΛΩΝ
857 2932 896 2998 de
925 2952 960 2997 re
988 2936 1116 3017 peracta
1145 2937 1178 2997 et
1199 2934 1369 3017 praeterita

178 3043 264 3126 poni.
309 3039 418 3106 Etiam
448 3041 632 3107 manifestos
662 3060 780 3106 errores
811 3039 849 3104 de
879 3058 994 3126 genere
1021 3037 1081 3103 hoc
1104 3039 1276 3125 exstirpare
1297 3060 1368 3124 per·

179 3145 307 3212 difficile
341 3151 399 3212 est.
464 3144 563 3211 Video
595 3147 808 3212 novissimum
842 3144 985 3230 Βραροιῖι·
1018 3142 1175 3210 Platonici
1210 3145 1364 3212 editorem

179 3252 365 3338 perdoctum
407 3255 516 3320 virum
550 3251 733 3341 Rettigium
769 3249 886 3329 ἔρεσθαι
919 3270 976 3335 pro
1012 3251 1128 3329 ῖρέοῖαι
1163 3253 1299 3318 scribere
1334 3259 1367 3318 et

179 3357 383 3437 taratantara
412 3378 468 3444 pro
500 3357 720 3437 καταδαρθεῖν,
746 3359 836 3444 quasi
859 3354 928 3421 ulla
950 3356 988 3422 de
1011 3355 1122 3422 formis
1146 3356 1366 3438 καταδαρθάνω

179 3470 212 3530 et
235 3462 416 3543 κατέδαρθον
440 3483 506 3529 esse
529 3465 630 3548 possit
653 3462 822 3528 dubitatio.
869 3459 965 3546 Sequi
988 3459 1110 3547 placuit
1132 3463 1241 3530 futiles
1261 3484 1369 3551 gram·

178 3571 312 3636 maticos
336 3589 443 3636 coecos
467 3569 562 3634 duces
583 3569 703 3654 passim
722 3571 756 3632 in
775 3566 953 3634 manifestis
973 3569 1130 3633 erroribus
1150 3567 1364 3653 deprehensos.

223 3778 304 3868 Peg.
329 3777 404 3848 730.
430 3777 482 3844 29.
508 3778 560 3844 διά
582 3777 678 3844 τοίνυν
702 3781 755 3843 τοῦ
779 3776 870 3855 νόμον
892 3775 1001 3843 τούτου
1024 3778 1180 3844 διοικεῖται
1204 3777 1247 3842 τά
1270 3777 1364 3844 κοινά.

179 3885 222 3950 τά
251 3886 314 3966 γάρ
346 3885 388 3958 εἷς
417 3885 478 3958 τάς
510 3884 676 3959 ἐκκλησίας
709 3883 759 3949 καῖ
790 3884 850 3957 τάς
880 3883 986 3957 θυσίας
1017 3884 1069 3948 καὶ
1094 3884 1149 3956 τὴν
1171 3882 1287 3962 βουλὴν
1311 3885 1363 3950 καὶ

179 3992 250 4064 τοὺς
274 3991 391 4064 ἱππέας
415 3991 467 4055 καὶ
489 3985 598 4056 τάλλα
621 3987 763 4070 χρήματ’
788 3987 1020 4068 άναλισκάμενα
1044 3985 1128 4062 οὗτός
1154 3990 1214 4056 ἔσθ’
1238 3991 1252 4055 i
1278 3989 1365 4067 νάμος

180 4097 194 4160 t
218 4103 308 4163 ποιεῖν
331 4097 608 4177 προσευπορεῖσθαι.
643 4095 841 4162 llnnmeraus
864 4099 984 4166 omnia.
1009 4097 1044 4161 in
1067 4116 1147 4181 quas
1169 4098 1304 4183 pecunia
1327 4119 1366 4164 ex

179 4205 300 4270 aerario
331 4205 577 4288 attribueretur,
607 4223 709 4268 unum
732 4224 770 4268 ex
795 4203 994 4291 gravissimis
1017 4203 1143 4279 omisit,
1168 4205 1259 4269 cuius
1281 4225 1369 4270 men·

180 4311 301 4376 tionem
324 4330 387 4376 uon
411 4311 450 4376 ab
474 4308 605 4376 Oratore
627 4310 885 4396 praetermissam
908 4328 975 4374 esse
998 4306 1053 4372 sed
1075 4307 1250 4373 scribarum
1269 4310 1370 4399 negli-

180 4418 291 4508 gentia
321 4417 452 4505 periisse
478 4416 656 4483 luculenter
677 4413 839 4482 declarant
861 4435 898 4481 ea
922 4432 1002 4499 quae
1024 4403 1172 4480 continuo
1195 4422 1370 4504 sequuntur
