3356 5086
748 328 812 401 317

393 525 492 603 ἀγνθ·
516 523 564 599 τίς
588 521 620 588 δέ
644 546 678 588 ιιε
701 520 777 603 τέξει
802 526 980 603 τιταΙνοιτ’;
1006 526 1094 592 ἀλλά
1117 525 1232 601 ιε’κιιλοι

390 629 533 696 ιιάτθετε.

223 761 262 818 χ.
310 733 366 802 70.
391 733 412 800 ὦ
436 736 539 818 φίλοι,
562 737 596 801 cai
619 746 696 802 ΓΑΡ
721 737 832 816 σχήσει
856 740 930 820 ἀνὴρ
950 735 999 802 tce
1026 745 1138 818 χεῖρας
1162 737 1313 812 ἀάττοας.

225 849 264 924 ψ.
287 839 362 908 278.
389 839 410 908 ἀ
434 842 543 921 γύναι,
568 844 600 907 οὐ
624 851 701 908 rat>
727 867 773 906 τοι
797 843 922 911 τάνταν
946 844 995 909 έτὶ
1021 844 1141 924 πείρατ’
1167 843 1281 910 ἀέθλιον

390 949 540 1025 ἤλθομεν,
564 949 638 1013 ἀλλ’
663 945 706 1012 ἔτ’
730 947 848 1014 ὄπισθεν
873 950 1043 1030 ἀμέτρητος
1069 950 1156 1022 τθοος
1182 946 1261 1018 έςαι.

225 1053 352 1119 Horum
385 1053 529 1120 locorum
562 1057 664 1120 maior
697 1075 769 1139 pars
801 1056 968 1122 emendata
1000 1061 1049 1122 est
1079 1060 1112 1120 et
1143 1058 1366 1143 integerrima:

177 1161 296 1225 caeteri
319 1159 403 1224 alius
424 1159 522 1225 aliam
545 1159 651 1225 labem
676 1157 817 1245 aliquam
840 1167 1060 1247 conceperunt.
1110 1161 1186 1227 Tres
1210 1160 1273 1227 looi
1296 1167 1370 1228 sunt

176 1266 298 1330 inserto
327 1285 423 1330 versu
454 1267 561 1350 spurio
593 1263 787 1350 interpolati.
835 1265 924 1333 Duos
955 1267 1062 1346 ςΙχονι
1100 1267 1370 1347 ταρεμβεβλνμέ-

178 1394 245 1444 σονς
268 1377 391 1436 veteres
414 1368 527 1438 Oritici
550 1369 776 1457 expungendos
798 1376 995 1438 censuerunt.
1043 1371 1152 1439 Tertia
1168 1373 1370 1459 interpolatio

177 1481 252 1562 post
280 1476 502 1543 Aristarchum
528 1481 604 1543 nata
626 1477 718 1541 nobis
742 1477 933 1544 confutanda
953 1483 985 1544 et
1009 1476 1195 1564 expellenda
1218 1484 1368 1566 superest

179 1580 294 1669 Odyss.
321 1607 349 1646 ιι.
376 1580 450 1648 190.

316 1687 461 1771 [κέκλυτέ
484 1713 544 1767 μεν
569 1688 688 1772 μύθων,
712 1687 797 1752 καιοά
822 1712 878 1770 τερ
901 1687 1081 1771 τάσχοντες
1105 1691 1241 1779 ἑταῖροι]

315 1789 337 1858 ἀ
360 1795 467 1876 ΦΙλοι,
493 1796 525 1859 οὐ
549 1794 611 1874 etp
634 1793 735 1872 εθὸμεν
758 1791 818 1876 &aa
840 1794 934 1877 ζόφος
958 1795 1019 1861 οὐδ’
1044 1791 1104 1878 ἀτρ
1129 1796 1198 1870 ἠώς.

223 1897 390 1966 Scholion:
415 1899 632 1980 Καλλθτροιτθς
656 1904 750 1980 Φιρσιν
773 1901 810 1972 ὡς
835 1899 894 1966 ὑτθ
913 1924 989 1974 τινος
1012 1902 1025 1965 ὅ
1045 1902 1135 1981 τέχνα
1155 1900 1367 1982 προτέτακται

181 2005 360 2084 ἀγνοοῦντος
386 2007 421 2069 τθ
446 2006 610 2086 Ὀμιιρικθν
634 2005 695 2077 έθος
719 2007 756 2079 ὡς
782 2007 861 2072 θέλει
886 2005 1038 2090 ἀρχεσθαι
1062 2007 1125 2071 ἀτθ
1147 2011 1200 2072 τοῦ
1224 2016 1313 2073 ΓΑΡ.

227 2111 305 2192 Quis
334 2132 397 2177 non
428 2114 539 2176 statim
569 2131 731 2177 assensum
764 2109 874 2178 dabit?
919 2113 991 2178 Non
1018 2118 1066 2178 est
1090 2113 1200 2179 eadem
1225 2115 1372 2178 omnium

181 2222 239 2281 τῶν
269 2215 476 2294 ἀθετουμένων
507 2216 604 2298 rixas
635 2219 717 2282 ratio
750 2223 782 2283 et
813 2218 961 2284 conditio.
1008 2216 1092 2283 Sunt
1117 2221 1152 2283 in
1177 2219 1293 2304 quibus
1316 2219 1373 2283 diu

181 2329 214 2389 et
253 2323 397 2388 multum
439 2317 579 2388 incertus
613 2321 761 2399 haereas,
797 2325 853 2390 sed
887 2325 1002 2390 dantur
1036 2324 1093 2388 alii
1127 2330 1197 2389 tam
1232 2325 1372 2391 evidenti

180 2428 290 2494 hande
312 2428 511 2513 interpolati,
529 2434 567 2493 ut
589 2431 695 2516 magis
718 2430 845 2496 mireris
868 2449 930 2514 quo
955 2435 1047 2515 paeto
1070 2433 1253 2515 irrepserint
1277 2451 1374 2515 quam

181 2541 371 2622 arguments
403 2555 459 2600 cur
488 2533 665 2619 expellendi
688 2537 752 2599 sint
775 2536 814 2600 ab
840 2534 902 2600 ah'o
926 2537 1086 2620 requiras;
1112 2541 1180 2599 tam
1203 2536 1373 2601 manifesto

179 2641 263 2708 fraus
286 2647 385 2726 patet.
431 2641 499 2707 Nae
521 2641 578 2707 ille
601 2645 669 2706 erat
691 2643 726 2704 in
744 2642 939 2706 carminibus
958 2639 1140 2706 Homericis
1160 2641 1290 2726 hospes,
1317 2642 1373 2724 qui

180 2748 340 2813 nesciebat
368 2747 503 2812 Poiitam
534 2747 692 2828 ἀρχαϊκῶς
724 2746 787 2810 ἀτ1
811 2748 864 2809 τοῦ
889 2754 966 2812 ΓλΡ
992 2746 1174 2824 εἶσβάλλειι
1198 2750 1233 2811 in
1257 2746 1315 2812 tali
1338 2768 1372 2812 re

181 2852 289 2918 solere.
336 2851 418 2918 'Pam
448 2851 575 2917 inficeto
604 2850 821 2916 additamenta
849 2851 934 2936 apud
957 2850 1139 2917 Homerum
1161 2853 1225 2918 sere
1249 2855 1295 2918 sio
1317 2871 1371 2916 na-

181 2959 362 3035 scebantur,
387 2963 424 3022 ut
444 2978 554 3022 versus
574 2978 611 3022 er
637 2955 700 3022 alia
721 2961 812 3040 parte
840 2959 990 3022 carminis
1015 2959 1154 3023 desumti
1177 2959 1211 3022 in
1234 2957 1391 3023 alienam¹

181 3064 288 3130 sedem
309 3063 561 3129 transferrentur.
597 3061 792 3128 Meminerat
812 3061 927 3146 aliquis
946 3084 979 3128 se
996 3063 1104 3128 audire
1117 3062 1229 3150 Odyss.
1243 3089 1279 3142 μ.
1293 3062 1370 3131 271.

318 3167 448 3234 κέκλυτέ
472 3191 532 3247 μευ
555 3167 674 3246 μύθων.
698 3165 782 3232 ιιααά
808 3191 863 3248 τερ
886 3166 1064 3248 τάσχοντες
1089 3169 1218 3252 ἑταῖροι,

317 3272 385 3356 θΦρ’
411 3275 482 3354 ὑμῖν
505 3274 595 3340 σείσω
619 3274 761 3352 μαντήϊον
784 3275 955 3354 Τειρεσίαο.

183 3386 216 3446 et
236 3404 274 3460 μ.
299 3380 377 3446 340.

317 3485 448 3552 κέκλυτέ
470 3509 531 3565 μεν
555 3484 676 3563 petav,
702 3484 787 3551 κακά
811 3508 868 3566 τερ
893 3482 1072 3565 τάσχοντες
1097 3486 1227 3566 ἑταῖροι,
1284 3471 1306 3516 Ὗ

315 3591 434 3666 πάντες
456 3594 514 3670 μὲν
537 3591 657 3673 styrps)
681 3581 807 3657 θάνατοι
832 3590 956 3656 δειλοῖσι
981 3591 1135 3671 βροτοῖσι,

315 3700 397 3780 λιμῷ
420 3699 447 3764 δ’
470 3698 598 3768 οἵιιτιςοι
623 3697 746 3763 θανέειν.

181 3806 294 3870 horum
317 3807 420 3893 igitur
442 3807 624 3890 importune
644 3825 768 3870 memor
785 3803 865 3870 illuc
885 3803 1052 3869 transtulit
1070 3804 1128 3868 ubi
1147 3801 1256 3868 nullus
1275 3801 1370 3889 plane

182 3915 261 3976 esset
283 3912 325 3975 iis
346 3909 446 3977 loeus.
479 3911 531 3977 Ab
553 3910 736 3977 Aristarcho
760 3911 862 3998 igitur
885 3913 920 3976 in
938 3907 997 3975 tali
1017 3931 1051 3975 re
1071 3908 1276 3990 παρατίθεται
1296 3907 1368 3986 πρὸς

181 4017 222 4097 τῷ
243 4016 343 4097 θβελῷ
367 4017 537 4096 ἀςερθσιιος.
562 4016 651 4090 δηλοῖ
667 4017 698 4081 δὲ
718 4021 824 4100 τοῦτο,
846 4021 883 4081 ut
901 4017 936 4080 in
957 4014 1150 4101 praefatione
1169 4017 1272 4100 operis
1294 4017 1368 4080 sori-

181 4123 228 4187 bit
258 4124 472 4208 Aristonicus,
496 4119 542 4188 ὅτι
567 4123 701 4203 Ὁμθρου
724 4123 781 4200 μέν
806 4123 866 4194 ε’ςι.
891 4122 1022 4204 Φαθλιος
1046 4121 1072 4185 δ’
1097 4122 1230 4185 ἐνταῦθα
1254 4128 1367 4187 κεῖται.

225 4227 372 4294 Recurrit
394 4229 487 4314 plane
510 4230 597 4295 idem
620 4229 729 4294 mendi
750 4249 851 4316 genus
873 4231 908 4292 in
932 4226 1044 4314 Odyss.
1069 4225 1099 4302 ξ.
1124 4224 1200 4292 495.

317 4337 447 4417 [κλῦτε,
472 4333 577 4417 φίλοι·
602 4333 678 4406 θεῒθς
701 4357 752 4413 μοι
778 4333 911 4399 ε’νύτνιον
935 4326 1023 4407 ἦλθεν
1047 4330 1177 4421 caespes]

316 4439 383 4515 λθιρν
407 4449 484 4506 ΓΑΡ
509 4447 583 4517 νηῶν
606 4440 695 4513 εειιάς
717 4439 856 4519 ἤλθομεν.
