3356 5086
887 357 951 428 336

380 549 444 618 Ubi
477 553 537 617 hoe
567 549 666 617 semel
696 552 854 624 constitit,
886 550 963 632 quid
994 550 1122 616 tandem
1151 571 1263 616 oeusee
1287 570 1353 615 osse
1377 550 1531 616 dicemus

334 679 390 722 our
420 658 570 723 lectiones
601 653 849 722 innumerabiles
878 655 953 721 inde
984 662 1070 722 oriee
1101 656 1246 744 singulae
1276 653 1529 722 enumerentur?

334 764 418 842 Quid
442 763 568 848 prodest
591 766 670 828 eoire
693 765 726 826 in
751 764 788 827 Α.
813 762 930 847 ubique
954 782 1021 827 esse
1045 765 1199 848 seriptum
1223 763 1302 840 dedo,
1328 760 1430 843 ζῶνον,
1460 787 1527 826 ποι-

332 874 449 949 τρῶοον,
474 872 592 949 siedron,
617 870 736 949 έρεὶοννρ,
762 870 894 949 έρῆνκες,
920 868 1032 947 κλήσω,
1056 868 1189 952 χρήνζω,
1209 871 1243 934 in
1262 869 1301 934 R.
1321 873 1430 934 eontra
1449 867 1523 952 ἀέν,

332 975 418 1057 ζῶον,
451 981 606 1056 ποοτρῶον,
639 977 742 1053 ἡρῶον,
776 975 882 1054 dodun,
915 975 1038 1054 έρῆκες,
1071 977 1171 1049 κλείω.
1203 975 1306 1058 χρήζω
1338 981 1371 1041 et
1399 973 1524 1041 similia

331 1084 447 1147 omnio.
493 1083 615 1148 Neuter
638 1087 746 1147 eutem
769 1086 874 1147 servet
897 1079 1053 1147 Herodoti
1073 1103 1225 1160 menum,
1246 1103 1326 1167 quoe
1348 1082 1427 1148 heeo
1451 1088 1519 1150 est:

328 1293 496 1360 Praetereo
514 1295 616 1360 scribe
636 1292 761 1359 Oodioie
781 1295 819 1358 Α.
841 1293 999 1359 adverbiis
1021 1298 1055 1360 in
1079 1331 1097 1344 -
1110 1294 1183 1374 τέρω
1208 1301 1240 1360 et
1263 1332 1283 1344 -
1295 1294 1380 1360 τάτω
1400 1316 1517 1361 exeun·

328 1401 415 1466 tibus
446 1400 594 1466 omnibus
623 1399 741 1484 ubique
764 1399 878 1464 stolide
902 1401 978 1464 Ξῶτοο
1002 1401 1091 1466 addit
1114 1401 1296 1482 προσωτέρων
1320 1403 1459 1468 scribens
1483 1407 1515 1468 et

327 1506 489 1586 ἀνωτέρωο,
523 1505 697 1582 έκοοςάτωο,
720 1504 905 1587 ἀγχοτάτων
931 1511 1003 1572 cett.
1052 1507 1172 1574 Eodem
1196 1509 1290 1574 modo
1314 1514 1422 1595 peccet
1446 1510 1514 1574 ubi·

326 1634 386 1698 que
421 1613 448 1677 ie
483 1616 538 1698 qui
571 1611 715 1678 Platonis
751 1609 900 1678 Codioem
936 1613 1118 1678 Parisinum
1154 1615 1191 1680 A.
1229 1617 1363 1700 soripsit.
1419 1613 1515 1681 Error

324 1724 433 1785 temen
455 1725 503 1784 est
525 1719 729 1784 manifestus:
759 1740 798 1783 ex
821 1719 1106 1804 praepositionibus
1130 1721 1348 1805 producuntur
1363 1720 1515 1788 adverbis

324 1824 387 1890 loci
419 1824 496 1899 ἀνω.
530 1825 632 1898 κάτω,
666 1823 749 1900 εἵσω,
785 1821 840 1900 ἔξω
873 1829 905 1890 et
937 1823 1047 1904 πρόσω,
1107 1825 1227 1892 Eadem
1263 1831 1312 1891 est
1343 1827 1445 1892 forme
1478 1830 1514 1892 in

324 1931 477 2011 ἀνωτέρω,
509 1928 673 2008 ἀνωτάτω,
708 1929 879 2010 προσωτέρω
905 1937 937 1996 et
961 1931 1045 2017 apud
1069 1931 1249 1997 Homerum
1273 1931 1421 2013 προτέρω,
1446 1955 1514 1999 oee-

324 2041 462 2124 terisque
492 2038 531 2104 ed
561 2059 663 2102 unum
695 2037 852 2103 omnibus.
900 2038 1011 2103 Nonne
1043 2039 1119 2103 setis
1141 2043 1189 2103 est
1211 2038 1245 2103 id
1268 2038 1367 2104 semel
1388 2038 1513 2126 liquido

324 2142 484 2210 constare?

369 2250 456 2316 Audi
478 2251 575 2315 etiem
598 2248 702 2315 Sehol.
727 2249 766 2314 ed
788 2248 879 2315 Iliad.
906 2261 940 2316 Γ.
965 2249 1040 2314 400.
1074 2249 1266 2332 προσέρωτ
1296 2249 1374 2330 δίχοα
1398 2256 1451 2316 τοῦ
1477 2261 1510 2316 Ι·

324 2357 463 2421 ἀπὸτοῦ
494 2356 725 2437 προσωτέρω
758 2354 820 2435 ράρ
846 2357 917 2426 έςνν.
942 2361 1017 2422 eti.
1044 2354 1121 2422 192.
1153 2355 1352 2437 προτέρωτΙ
1381 2357 1434 2421 xa}
1459 2357 1510 2423 ἐπὶ

322 2462 429 2544 χρόνον

460 2569 514 2632 κωί
538 2568 571 2632 νύ
595 2593 628 2632 κε
653 2568 687 2642 δὴ
711 2566 840 2647 προτέρω
866 2565 922 2654 (ἔτ’
947 2567 1004 2647 έρνρ
1027 2567 1128 2645 γένετ’
1153 2567 1394 2652 ἀμφοτέροισιν).

322 2675 401 2756 dlxx
423 2678 477 2739 τοῦ
502 2683 514 2737 Ι
539 2674 570 2737 δέ
594 2675 628 2738 τὸ
657 2672 841 2753 προτέρω.
874 2676 936 2739 ἀπὸ
960 2675 1023 2753 νάρ
1046 2679 1099 2738 τοῦ
1131 2671 1362 2752 προσωτέρω
1396 2675 1507 2753 συννοέ·

323 2805 445 2846 κοπτον.
487 2777 608 2844 Temen
631 2779 753 2845 librerii
778 2800 859 2845 novo
882 2778 1025 2845 Platonis
1048 2779 1172 2844 Editori
1193 2781 1430 2864 imposuerunt,
1454 2785 1509 2867 qui

321 2889 356 2951 in
387 2886 543 2950 Phaedone
572 2907 645 2972 peg.
679 2883 752 2952 107.
786 2905 814 2950 Β.
845 2885 950 2950 dedit:
982 2886 1064 2951 οὐδέν
1093 2885 1241 2964 ζνρτνίσετε
1266 2887 1430 2968 περαιτέρῳ
1454 2909 1510 2973 pro

322 2992 456 3080 vulgate
478 2992 603 3071 περσοτέ
622 3000 667 3056 Ω.

369 3197 541 3266 Ostendam
571 3222 655 3267 nuno
685 3204 795 3288 perrois
827 3202 982 3288 exemplis
1012 3223 1108 3288 quem
1140 3203 1205 3268 lete
1235 3205 1263 3268 is
1292 3223 1377 3268 error
1404 3205 1512 3288 puteat

323 3309 355 3371 et
386 3307 484 3372 simul
513 3309 686 3374 scribarum
712 3314 744 3373 et
767 3308 935 3373 Editorum
959 3311 1040 3374 vitis
1063 3309 1146 3394 opud
1169 3307 1347 3374 Homerum
1373 3313 1406 3374 et
1427 3309 1512 3394 opud

322 3415 480 3498 optimum
505 3435 663 3501 quemque
685 3414 882 3502 reliquorum
906 3415 1045 3480 breuiter
1067 3413 1192 3480 notabo.

833 3661 1004 3718 ΠΡΩῙΡΑ.

368 3839 404 3903 In
429 3837 542 3925 Odyse.
567 3863 590 3901 ν.
617 3835 672 3901 84.

595 3939 633 4016 ὦς
657 3942 718 4025 ἀροο
742 3951 797 4019 τῆς
821 3942 942 4022 πρέμννρ
966 3943 1022 4020 μέν
1045 3941 1171 4022 ἀείρετο.

368 4051 533 4116 Bekkerue
557 4055 704 4117 annotet:
732 4047 888 4130 ,πρύμνηε
915 4048 1012 4129 πρωρν
1037 4047 1231 4134 Ιέοοάορονοά
1277 4047 1352 4114 Noli
1375 4050 1512 4116 eredere.

323 4155 419 4238 πράρνρ
451 4177 490 4222 ne
521 4155 677 4223 Graecum
712 4156 839 4240 quidem
868 4161 930 4232 est,
956 4153 1011 4220 sed
1034 4159 1147 4234 πρῶοροο
1171 4153 1288 4221 ultime
1310 4156 1410 4220 brevi.
1458 4155 1513 4222 So

323 4263 451 4349 phooles
474 4264 603 4326 Philoot.
631 4261 708 4326 482.

528 4369 571 4440 εἷς
596 4368 744 4443 ἀντλέοον,
771 4368 800 4438 ές
826 4368 961 4446 πρῷροον,
988 4369 1018 4438 ές
1043 4366 1199 4444 πρύμνην,
1223 4363 1297 4432 ὅπου

529 4459 621 4551 dureo
646 4474 753 4550 μέλλω
777 4473 848 4546 τοὺς
870 4473 1014 4548 ξυνέντας
1039 4475 1197 4552 ἀλνννεῖν.
