3342 5080
730 360 794 432 581

174 545 337 636 [θεωρεῖν],
356 549 502 624 ὑσαὺτως
521 551 687 633 Φαίνονται
706 549 837 626 εἴκοντες
855 558 918 626 τοῖς
940 547 1093 634 ὑμετέροις
1112 550 1250 626 δικαίοις.
1280 549 1360 634 Quis

169 657 358 724 mortalium
380 661 437 744 qui
459 658 560 726 vellet
583 660 702 726 dicere:
727 660 753 725 εὑ
774 659 924 738 βοὺλεσθε
948 659 982 723 ἐκ
1004 661 1065 724 τῶν
1083 665 1227 726 παλαιῶν
1245 659 1360 740 χρθνων

170 760 337 845 ὑρξθμενοι
362 764 495 846 θεωρεῖν,
519 786 556 832 es
578 766 676 834 verbe
698 768 743 832 eie
767 762 961 832 disieeiseet?
984 764 1200 860 'Simpliciter
1221 767 1359 832 dixerat:

170 892 268 936 οινιιεε
289 873 343 959 qni
372 894 461 958 τωρωι.
486 873 672 957 capessebant
694 890 770 938 mort
794 873 830 936 ab
852 873 986 960 οαθθριιίο
1008 874 1184 960 temporibus
1198 910 1257 960 —,
1281 872 1361 939 τιθν·

170 999 223 1048 τες
247 977 281 1042 εἰι
304 984 364 1044 τῶν
386 986 528 1046 ταλαιὺν
549 977 714 1062 οὑρξοθμενιι
737 978 851 1061 χρθνων
873 979 1017 1052 ὑσαὺτως
1041 981 1205 1064 φαίνονται
1230 980 1293 1046 ιισέ.

216 1217 298 1308 Peg.
332 1217 409 1284 805.
442 1216 474 1286 7.
504 1221 537 1285 οὑ
569 1219 632 1301 γαρ
658 1218 693 1294 δή
717 1242 795 1293 τινες
820 1220 900 1299 ὑμῶν
925 1217 1017 1294 οὑτως
1042 1219 1164 1303 ἔχουσιν
1186 1221 1225 1294 ὑς
1248 1221 1360 1302 προσή-

173 1350 234 1393 κειν
266 1327 324 1406 μὲν
354 1328 442 1391 ταῦθ’
473 1323 566 1399 οὑτως
597 1323 680 1407 ἔχειν
711 1329 749 1398 ὑς
781 1327 841 1405 έγὺ
863 1326 964 1407 λέγω,
989 1327 1039 1392 teet
1063 1327 1095 1394 δέ
1117 1329 1172 1403 τὴν
1196 1327 1362 1394 έτιεθκειαν

171 1433 225 1508 τὺρν
250 1433 487 1513 Ἀριςιγεθτονος
505 1469 547 1482 -
565 1431 757 1500 ΠΑΡοττέιν
776 1433 880 1498 τιίιαὶ
902 1439 1141 1514 παρανομοῦντα
1160 1432 1264 1499 αὑτθν.
1299 1431 1362 1498 Pro

171 1537 264 1611 οὑτως
296 1536 402 1621 έχουσι
432 1539 574 1625 postulet
596 1539 659 1606 loci
682 1541 838 1605 sententia
861 1538 1043 1620 νομέζονσιν,
1068 1539 1195 1625 οθοντοιι,
1219 1540 1362 1618 ὑτολαμ-

170 1644 334 1730 βθνονσιν,
367 1649 423 1711 out
457 1645 564 1711 simile
599 1644 685 1731 quid.
732 1643 778 1708 Ut
812 1645 890 1710 heeo
923 1648 1010 1712 notio
1041 1649 1158 1712 existat
1187 1645 1267 1712 ndde
1297 1645 1360 1712 duo

170 1752 283 1820 verbo:
308 1747 399 1823 οὑτως
422 1749 529 1834 έχουσι
554 1753 621 1837 (ste
646 1751 784 1835 γνιθμιρν)
808 1752 845 1822 de
870 1752 1027 1833 τροσὺιιΕΙ
1050 1752 1108 1832 μέν
1132 1753 1198 1819 κτέ.

214 1856 252 1923 In
283 1855 344 1923 fine
373 1856 436 1924 loei
467 1858 656 1924 mendosum
688 1863 736 1923 est
766 1857 950 1938 παροπτέον.
996 1855 1152 1925 Oonfiisoe
1182 1861 1256 1922 sunt
1280 1856 1360 1923 dune

170 1965 417 2050 praepositiones
438 1985 519 2052 quae
542 1963 679 2032 assolent
701 1967 733 2030 et
755 1964 1006 2032 rescribendum:
1030 1962 1236 2031 ΠεΡΙοττέον
1259 1985 1359 2041 ταρα-

171 2073 319 2148 νομοὺντα
343 2070 448 2137 αὑτθν.

217 2309 297 2400 Peg.
328 2308 405 2376 805.
437 2307 490 2376 10.
521 2305 566 2376 ὑτι
590 2310 647 2390 μὲν
670 2311 734 2394 γὰρ
757 2311 880 2394 τονηρὺς
898 2349 940 2362 -
958 2307 1004 2379 ὑτι
1028 2311 1060 2378 δέ
1083 2313 1177 2380 οὑΔθ
1199 2311 1363 2394 χρήσιμος.

170 2417 240 2485 Imo
263 2438 338 2486 vero
361 2417 472 2484 οὑὺΕΝ
494 2417 576 2482 ento
597 2422 644 2482 rei
666 2417 761 2483 utitis.
863 2481 866 2488 ,

215 2644 295 2733 Pog.
326 2642 405 2712 805.
440 2643 492 2710 16.
522 2643 555 2710 σθ
583 2644 739 2727 ψήφισμα
770 2644 934 2729 γέγραφεν
966 2641 987 2728 ᾧ
1018 2643 1190 2719 πεισθέντες
1215 2645 1303 2725 ὑμεῖς
1326 2643 1359 2710 οὑ

171 2751 266 2818 πάλιν
296 2759 487 2831 μετανοῆσαι
519 2749 713 2832 τροεθλεσθεθ
758 2751 881 2820 Vitiosa
910 2759 985 2820 sunt
1010 2751 1145 2830 ultime,
1169 2773 1244 2820 nam
1267 2773 1361 2819 sensu

171 2879 295 2925 cassum
331 2864 380 2924 est
411 2862 612 2941 προαιροῦμαι
648 2866 850 2937 μετανοῆσαι.
904 2859 984 2942 Quis
1016 2860 1114 2928 homo
1146 2867 1294 2942 μετανοεῖ
1326 2859 1361 2924 έιι

171 2962 387 3048 τριαιρέοεωςὺ
434 2962 519 3048 Quid
549 2968 592 3031 sit
614 2965 848 3032 restituendum
872 2965 944 3034 eliis
966 2967 1182 3053 quaerendum
1207 2965 1358 3052 relinquo.

213 3192 294 3281 Peg.
327 3190 405 3259 805.
438 3191 494 3258 20.
523 3189 598 3257 ὑταν
628 3193 710 3272 ὑμεῖς
743 3191 792 3274 ide
821 3190 1102 3273 ΠΑΡοργισθέντας
1125 3216 1155 3258 τι
1179 3189 1251 3274 τρθς
1273 3215 1359 3266 τινας

170 3299 221 3364 καὶ
253 3303 376 3376 μᾶλλον
406 3303 459 3364 τοὺ
490 3298 604 3371 δέοντος
637 3298 909 3375 ΠΑΡοξυνθέντας.
958 3298 1043 3379 Quid
1066 3301 1110 3365 eit
1132 3298 1357 3387 corrigendum

169 3404 313 3471 ostendet
342 3403 431 3472 loeus
460 3406 494 3469 in
527 3404 671 3469 Midioen
702 3426 777 3493 pag.
810 3403 886 3470 514.
920 3403 971 3470 10.
999 3406 1013 3470 θ
1037 3406 1131 3482 δῆμον
1153 3401 1240 3477 θέντας
1265 3401 1358 3477 οὑτως

169 3513 298 3594 ὑργέσθιρ
323 3509 375 3578 ιιαὺ
399 3509 587 3592 παρωξύνθη.
611 3511 695 3576 unde
717 3531 833 3597 repone
854 3509 903 3591 tto
925 3511 1156 3593 Ὀργισθέντας.
1204 3509 1359 3577 Adhaesit

168 3620 359 3705 praepositio
394 3639 432 3684 ex
461 3637 507 3703 eq.
540 3617 657 3693 verbo,
689 3616 774 3704 quod
809 3618 912 3684 scribo
946 3615 1072 3684 ἔναυλον
1106 3611 1202 3699 εἶχεν.
1260 3614 1360 3704 Saepe

168 3725 279 3792 eodem
302 3724 341 3791 de
365 3743 459 3790 cause
482 3725 528 3790 sio
550 3725 674 3809 peoeeri
696 3723 831 3791 videbis.

213 3949 293 4040 Pag.
325 3949 402 4017 806.
440 3948 471 4015 5.
504 3944 612 4021 θνειὺθς
644 3949 721 4029 έςιν,
753 3945 858 4030 ἄνδρες
886 3947 1031 4036 ὑιιιασαθ,
1055 3949 1098 4016 ret
1121 3947 1296 4033 γιγνθμενα
1318 3959 1359 4036 τῇ

167 4057 255 4125 τέλει
280 4056 328 4122 ἔτ)
353 4062 407 4122 τοῦ
432 4055 589 4135 βήματος.
638 4053 714 4122 Sine
737 4059 949 4122 controversie
972 4065 1010 4140 τῇ
1038 4057 1127 4122 etse
1152 4079 1227 4124 eum
1252 4058 1359 4137 θνειὺις

169 4165 426 4253 coniungendam
449 4168 513 4241 est,
537 4183 600 4231 non
623 4183 698 4229 eum
721 4163 763 4229 ret
787 4162 972 4242 γιγνόμενα.
1014 4162 1161 4230 Restitue
1182 4167 1286 4254 igitur
1304 4189 1358 4234 ne-

169 4276 259 4338 turoe
282 4271 442 4337 ordinem:
467 4279 505 4351 τῇ
526 4269 615 4335 πόλει
639 4267 681 4334 τοὺ
705 4268 879 4348 γιγνόμενα
902 4269 952 4335 tert
977 4273 1031 4336 τοὺ
1054 4269 1210 4348 βήματος.

216 4481 294 4549 Post
319 4501 421 4568 pnuee
442 4481 586 4551 Diodori.
611 4501 650 4547 ex
670 4478 694 4546 S
717 4479 823 4548 dedit:
847 4481 881 4547 οὑ
903 4477 968 4562 γιὶρ
991 4480 1139 4562 ἐπιτιμᾶν
1157 4521 1199 4534 -
1217 4488 1363 4570 χαλεπὸν
