3356 5086
722 361 788 432 255

150 552 303 636 torchiis,
327 557 366 618 ut
387 550 491 637 solst,·
510 553 586 622 solis
607 552 789 621 Homericis
813 553 968 642 exemplis
991 575 1067 620 usus
1091 556 1156 630 ost,
1181 553 1297 638 quibus
1317 555 1349 619 st

150 658 254 743 hanc,
279 679 377 746 quam
401 658 561 745 diximus,
582 662 737 727 rationem
762 659 898 728 firmiter
919 659 1080 727 stabilivit
1104 664 1137 725 st
1154 657 1349 726 Zenodotoso

151 766 344 830 rsosnsionis
367 766 448 830 vitis
471 768 616 832 correxit.
662 767 842 832 Audiamus
864 765 1028 833 nonnulis.
1067 764 1158 830 Iliad.
1184 775 1222 831 0.
1249 763 1326 833 437.

312 875 430 949 Τεῦκρε
451 872 567 948 πέτου,
591 873 626 949 δη
659 877 744 938 νῶϊν
778 873 940 940 οίπέκτατο
964 876 1051 943 msto
1076 869 1192 953 ἕταιρος

313 978 509 1058 Μαςοριῶης,
534 969 564 1042 tv
596 981 662 1044 νῶϊ
692 978 854 1058 Κυθηρόθεν
879 977 958 1046 ἔνδον
983 977 1072 1046 ίθντα

313 1079 368 1150 ἶσα
392 1085 508 1166 φίλοισι
532 1090 671 1152 τοκεῦσιν
695 1087 827 1166 ἐτίομεν.

201 1191 416 1256 Aristonicus:
450 1193 585 1269 ιίδιπλῆ
608 1188 654 1258 ὅτι
679 1194 889 1272 παραλλιίλυς
914 1193 966 1260 καί
993 1193 1216 1264 διδασκαλικῶς
1242 1194 1259 1268 si
1284 1192 1348 1258 δια·

154 1297 237 1378 φορῶ
262 1301 315 1362 τοῦ
347 1301 433 1364 νῶϊν
464 1301 516 1364 καί
550 1303 624 1365 νῶϊ.
671 1299 764 1366 Iliad.
791 1311 830 1368 Ψ.
857 1299 935 1366 403.

476 1403 615 1483 ἔμβητον
639 1405 692 1472 καί
726 1411 834 1486 σφῶι
866 1405 1046 1472 τιταίνετον.

158 1513 177 1582 si
210 1511 303 1585 διπλῆ
326 1505 372 1574 ϊτι
397 1510 488 1588 ὑγιῶς
512 1519 614 1577 κεῖται
639 1515 656 1589 si
680 1512 860 1594 ἀντωνυμία
882 1512 976 1595 χωρίς
1000 1515 1053 1578 τοῦ
1079 1519 1118 1576 Ν.
1145 1516 1177 1577 ot
1199 1531 1246 1578 vs.
1271 1508 1348 1576 408.

428 1618 472 1696 μη
505 1622 632 1700 σφῶϊν
664 1621 832 1702 ἐλεγχείην
856 1619 1034 1700 καταχείη.

161 1725 179 1798 οἱ
210 1724 301 1799 διπλῶ
335 1721 380 1790 ὅτι
412 1727 540 1805 σφῶϊν
573 1726 644 1804 ὑμῶν
676 1725 693 1802 ἢ
718 1721 809 1804 ὑμῶν.
836 1724 896 1792 οἶνοι
921 1725 952 1792 δὲ
978 1723 1136 1803 ,,ἔμβητον
1160 1723 1212 1790 καί
1244 1727 1351 1807 σφῶϊ

161 1830 345 1896 τιταίνετον”
367 1830 437 1897 soci
463 1835 516 1897 τοῦ
542 1829 686 1912 „tollore
710 1833 824 1913 ὑμεῖς”.

206 1937 295 2004 llisd.
320 1947 359 2004 Θ.
384 1936 461 2004 402.

335 2043 453 2122 γνιιίσυ
477 2044 535 2124 μίν
558 2049 659 2128 σφωϊν
684 2045 738 2128 ὑφ’
761 2044 899 2128 ίίρμασιν
924 2043 1020 2117 ῶιιέας
1044 2043 1167 2126 ἵππους.

164 2151 321 2229 ἐγκλιτιιιη
355 2156 404 2216 νῦν
427 2152 490 2220 ε’ςιν
515 2155 532 2227 >i
557 2154 746 2230 ῶντιοννμία.
771 2152 814 2218 τοὶ
838 2154 869 2218 δὲ
893 2152 985 2231 τρίτα
1008 2150 1097 2218 sossi
1121 2150 1159 2216 τί
1179 2173 1215 2217 τε
1243 2155 1350 2232 σφωε

165 2258 215 2321 καί
237 2259 355 2337 σφωϊν
378 2257 543 2334 ε’γκλιτικοί
568 2259 640 2328 ε’τιν.
666 2254 717 2324 ϊτε
740 2258 844 2337 μέντοι
869 2257 1005 2338 δευτέρου
1028 2256 1151 2336 γίνεται
1173 2257 1207 2322 τθ
1232 2259 1351 2340 σφῶϊν

164 2367 407 2446 τροτερισπῶται
431 2369 481 2445 (ut
503 2366 539 2431 in
561 2386 609 2431 vs.
635 2363 738 2452 oso).
775 2364 870 2430 lliosl.¹
891 2374 933 2430 Ψ.
959 2363 1038 2430 281.

386 2467 404 2535 θ
432 2475 564 2554 σφωϊν
591 2470 684 2550 μοίλα
709 2471 862 2544 πολλάκις
889 2470 978 2552 ὑγρὸν
1003 2469 1105 2536 ἔλαιον

385 2577 530 2658 χαιτάων
553 2579 737 2660 κατέχευεν.

207 2682 369 2749 Scholion:
403 2684 584 2761 ἕγκλιτικῶς
614 2687 670 2758 την
695 2691 832 2749 ΟΦΩΙΝ
857 2685 1051 2763 οίντιουυμίαν
1075 2681 1280 2760 οϊναγνουςθον.
1306 2680 1351 2751 ἔτι

167 2789 224 2870 γὰρ
248 2789 349 2869 τρίτου
375 2769 543 2871 προσῶπϊυ.
590 2789 682 2857 Iliad.
707 2801 748 2857 A.
775 2787 852 2856 767.

318 2897 385 2962 νῶϊ
417 2895 449 2962 δέ
472 2897 503 2962 τ’
528 2895 608 2962 ἔνδον
631 2896 729 2971 ἐόντες
754 2898 815 2975 ἐγὼ
839 2897 892 2962 καί
918 2897 978 2970 δῖος
1003 2896 1184 2970 Ὀδυσσεύς.

168 3004 184 3076 ἡ
219 3003 311 3077 διπλῶ
349 2998 395 3067 ὅτι
431 3003 525 3084 χωρὶς
555 3008 609 3069 τοῦ
639 3012 670 3069 Ν
701 3006 872 3084 Ὁμηρικῶς
898 3006 986 3082 ἡμεῖς
1011 3002 1027 3079 »l
1053 3005 1147 3083 ἡμᾶς.
1195 3001 1285 3068 Ilico
1312 3011 1353 3068 Ψ.

570 3219 604 3282 οὐ
637 3220 765 3298 σφῶϊν
796 3216 915 3295 κομιδιί.

166 3325 182 3400 ί
212 3324 308 3399 διπλῆ
342 3323 417 3402 πρὸς
445 3325 480 3388 τὸ
511 3327 636 3404 σφῶϊ,
666 3321 712 3390 ϊτι
743 3325 803 3403 οὐχ
835 3324 939 3398 ὑμῖν.
985 3322 1127 3407 Apparet
1149 3341 1264 3390 vorum
1287 3341 1354 3388 osso

165 3429 232 3508 τρίς
267 3429 303 3494 τὸ
336 3430 476 3508 σφῶϊν.
526 3430 728 3498 Aristarchus
755 3431 859 3517 igitur
888 3449 927 3494 ex
956 3426 1014 3494 ills
1048 3429 1267 3495 observatione
1297 3428 1355 3493 hos

166 3535 302 3603 Homeri
324 3535 411 3603 locos
432 3535 625 3602 smsndavit.
650 3545 688 3600 λ.
715 3533 791 3600 336.

598 3637 612 3705 ὃ
645 3645 753 3722 σφῶϊ
783 3641 886 3720 προίει.

165 3753 229 3815 erat
260 3747 396 3836 vulgata
426 3747 511 3833 opud
534 3745 732 3814 Zenodotum
763 3750 908 3829 σφῶϊνι
939 3751 1029 3812 τοῦτο
1053 3745 1084 3812 δὲ
1109 3746 1250 3826 σημαίνει
1274 3747 1356 3823 ὑμῶν
1404 3759 1409 3764 “

166 3855 297 3933 ηῶμῑν,
322 3850 359 3918 ὦν
382 3854 464 3920 οὐδὲν
490 3852 615 3935 οὶρμθζει
639 3855 681 3935 τῷ
706 3853 809 3936 λίγιρ,
835 3853 923 3920 ῶλλιὶ
947 3853 983 3920 τί
1008 3853 1102 3932 ὑμῶς.

208 3959 300 4026 Iliad.
327 3969 364 4026 Θ.
392 3957 468 4027 376.

910 4065 991 4149 θφροι
1015 4063 1132 4145 ίθοιμαι

392 4171 409 4247 ἢ
441 4176 505 4238 νῶϊ
536 4169 684 4253 Πριοίμοιο
711 4170 790 4246 ποίϊς
817 4174 1005 4256 κορυθαίολος
1026 4173 1147 4253 'Euroo

390 4278 517 4356 γηθιίσει
543 4276 742 4360 προφανέντε.

169 4383 318 4452 edebatur
340 4385 426 4470 apud
448 4381 645 4452 zenodotum
675 4387 769 4450 νῶϊν·
795 4385 939 4451 τοῦτοδὲ
963 4385 1081 4450 τίθεται
1106 4382 1177 4449 οϊντί
1201 4389 1254 4450 τοῦ
1275 4387 1358 4463 ἡμῶν

170 4489 185 4566 ἢ
212 4491 294 4568 ἡμῖν.
320 4527 360 4540 -
386 4493 425 4556 τὸ
451 4492 524 4571 γὰρ
549 4493 610 4556 νῶϊ
632 4489 694 4559 ἔτιν
719 4491 735 4566 ἣ
762 4492 850 4570 ἡμεῖς
875 4492 892 4567 ἢ
918 4493 1013 4570 ἡμᾶς.
1046 4489 1138 4554 iliad.
1164 4499 1202 4554 Θ.
1228 4488 1304 4556 428.
