3296 5104
891 301 935 372 20

326 501 416 569 θεῖσιν
438 500 608 580 ὑπάρχειν,
630 501 684 575 τὴν
706 496 730 562 δ’
753 495 946 576 άπίχθειαν,
967 495 1005 562 δι’
1026 493 1057 572 ἧς
1072 493 1262 570 άνάπανπες
1276 495 1309 563 εὖ
1321 494 1547 576 πράξαιμεν,

325 613 367 692 τῷ
398 613 448 674 νῦν
479 607 521 672 τά
555 603 690 683 βέλτιςα
721 603 836 669 εἰπόντι
864 601 1006 691 [ζημίαν]
1031 600 1182 677 γενέσθαι.
1230 603 1439 689 Respondent
1469 607 1547 670 sibi

324 720 409 782 inter
439 736 473 780 se
500 715 565 788 τὴν
580 710 673 792 χάριν
697 709 849 790 ὑπάρχειν
874 717 906 776 et
928 712 983 785 τὴν
1006 709 1180 788 άπέχθειαν
1203 709 1364 786 γενέσθαι
1387 709 1455 776 illa
1486 732 1547 776 res

325 825 466 912 gretiam
489 822 628 905 peperit,
654 818 732 883 heec
754 817 863 882 odium
887 818 1031 904 periture
1053 821 1118 891 est,
1143 821 1175 880 et
1198 819 1282 881 sicut
1303 819 1461 900 ineptum
1487 823 1546 882 est

322 931 426 996 dicere
445 927 576 1009 ρνοιίονι
598 925 804 991 commodum
826 929 859 988 et
876 921 1132 989 emolumentum
1152 921 1277 1000 efferre,
1297 924 1343 986 sic
1363 926 1395 986 et
1419 925 1544 986 odium

324 1035 440 1100 demno
474 1039 506 1098 et
539 1031 730 1098 detrimento
764 1029 840 1094 iore.
895 1027 969 1113 Ipse
1002 1026 1160 1108 άπέχθεια
1194 1031 1273 1093 setis
1307 1031 1416 1114 gravis
1461 1035 1544 1094 eret

324 1140 433 1222 ζημία.
480 1137 580 1223 Saepe
609 1137 734 1202 videbis
764 1134 856 1216 χάριν
888 1139 921 1199 et
951 1133 1125 1215 ἀπέχθειαν
1153 1136 1198 1198 sic
1221 1136 1306 1198 inter
1329 1154 1362 1198 se
1384 1137 1539 1219 opponi,

324 1252 363 1312 ut
403 1267 479 1332 pag.
522 1241 575 1308 58.
619 1241 673 1308 26.
718 1242 781 1308 οὔτ’
825 1241 936 1305 ἐκείνου
979 1241 1051 1320 πρὸς
1093 1239 1187 1322 χάριν
1230 1237 1295 1305 οὔτ’
1336 1239 1410 1317 ἐμοῦ
1450 1240 1539 1320 πρὸς

327 1350 511 1433 άπὲχθειαν.

372 1566 452 1650 Peg.
485 1562 539 1629 32.
574 1562 628 1629 10.
659 1561 816 1642 ψήφισμα
848 1560 963 1632 οὐδενὸς
986 1558 1071 1640 άξιθν
1094 1561 1156 1630 ἐςιν
1181 1561 1219 1628 ίιν
1242 1563 1287 1640 ple
1311 1561 1535 1642 προσγένηται

312 1671 362 1737 ’τὸ
386 1680 482 1736 ποιεῖν
506 1669 618 1734 ἐθέλειν
642 1667 683 1732 τά
706 1677 758 1732 ΓΕ
780 1667 913 1744 δόξαντα
938 1667 1095 1746 προθύμως
1120 1669 1214 1746 tecte.
1261 1666 1345 1747 Quid
1366 1669 1428 1733 sibi
1449 1668 1534 1734 vult

326 1803 366 1856 γε
398 1780 433 1843 in
464 1775 523 1842 teli
545 1772 600 1840 rei
623 1773 715 1839 Nihil
738 1795 875 1859 prorsus.
922 1773 994 1840 Non
1018 1773 1161 1839 solebant
1183 1773 1287 1839 hercle
1310 1775 1533 1840 Athenienses

324 1883 549 1950 Demosthenis
578 1885 681 1946 aetate
712 1881 769 1944 ὑπὸ
801 1881 969 1960 προθυμίας
1001 1881 1097 1945 πλείω
1129 1887 1187 1944 τῶν
1220 1877 1370 1956 δοξάντων
1403 1890 1527 1952 ποιεῖν,

325 2010 427 2074 neque
456 1991 491 2052 in
522 1989 681 2053 sententie
710 1986 869 2073 generali,
902 1984 1006 2072 qualis
1037 1985 1113 2050 hecc
1136 1989 1200 2063 est,
1224 1985 1312 2051 ullus
1333 1987 1530 2058 extenuenti

326 2095 502 2183 particulae
530 2094 637 2160 locum
662 2099 719 2157 eet.
766 2091 804 2157 In
827 2095 949 2176 optimo
973 2088 1089 2157 Codice
1112 2089 1134 2156 S
1158 2091 1306 2156 voculem
1329 2115 1369 2168 ys
1393 2095 1527 2176 seepius

325 2203 383 2268 ubi
405 2208 453 2267 est
475 2199 568 2287 plene
590 2200 767 2264 necessarie
790 2198 943 2263 emissem
965 2197 1107 2276 videbis,
1128 2217 1369 2282 nonnumquam
1389 2203 1426 2262 ut
1446 2198 1482 2262 h.
1501 2197 1524 2262 l.

328 2310 483 2373 contrario
507 2327 610 2372 errore
633 2309 791 2392 peccetur.

371 2519 451 2608 Peg.
486 2517 540 2583 33.
572 2517 625 2584 22.
650 2520 676 2583 εί
702 2516 734 2583 δέ
756 2540 803 2591 τιρ
828 2519 900 2595 ἡμῖν
925 2515 992 2596 ἔχει
1017 2518 1069 2582 καὶ
1093 2517 1136 2582 τά
1159 2517 1283 2597 θεωρικά
1308 2518 1361 2582 ἐάν
1384 2517 1436 2582 καί
1464 2517 1522 2584 πί·

326 2649 390 2705 ρους
421 2624 536 2706 ἑτέρους
570 2623 676 2702 λέγειν
706 2625 939 2702 ςρατιωτιιιοὺς,
969 2625 1029 2704 οὐχ
1057 2619 1143 2695 οὗτος
1167 2624 1326 2704 κρείττων;
1356 2623 1446 2710 [είποι
1473 2648 1522 2695 τις

327 2731 394 2820 άν].
431 2732 514 2814 φήμ’
546 2728 667 2809 ἔγωγε,
696 2727 780 2811 είπερ
812 2727 894 2802 ἔςιν,
928 2725 948 2793 ὦ
973 2727 1077 2808 ἄνδρες
1102 2731 1266 2804 Ἀθηναῖοι.
1313 2728 1461 2794 Otiosum
1489 2734 1523 2795 et

326 2841 410 2903 iners
445 2837 701 2903 additamentum
738 2835 791 2901 vel
824 2836 1027 2902 incommode
1058 2835 1146 2902 sedes
1177 2837 1293 2923 arguit.
1350 2835 1521 2901 Preeteree

326 2944 540 3026 oportunetate
563 2942 648 3007 mihi
671 2942 876 3008 vehementer
895 2946 1080 3027 suspectum
1104 2947 1162 3008 est.
1210 2943 1364 3022 Χρήματα
1389 2966 1516 3021 τρατιω-

326 3049 400 3115 τινά
435 3055 468 3114 et
499 3047 623 3128 θεωρικά
655 3049 831 3113 rectissime
862 3047 981 3112 <licitur
987 3095 996 3126 ,
1028 3048 1083 3114 sed
1114 3047 1196 3128 πθροι
1227 3049 1419 3128 τρατιωτιιιοί
1449 3055 1519 3115 tem

324 3158 480 3221 vitiosum
511 3159 560 3220 est
591 3159 686 3239 etque
718 3152 801 3232 πόροι
827 3153 965 3233 θεωρικοί.
1013 3153 1099 3219 Setis
1123 3158 1171 3220 est
1195 3154 1300 3235 πόρους
1327 3154 1442 3232 ἑτέρους
1468 3153 1518 3218 λε’-

325 3285 406 3341 γειν,
438 3265 476 3326 ut
507 3280 581 3348 pag.
607 3258 658 3324 15.
685 3257 716 3323 3.
740 3261 866 3338 λέγουσι
890 3259 921 3323 δὲ
945 3259 998 3325 καί
1021 3257 1137 3331 άλλονι
1160 3261 1245 3332 τινάς
1271 3259 1364 3324 άλλοι
1388 3257 1516 3341 πθρους,

325 3365 363 3434 ὦν
387 3363 492 3432 ἕλεσθε
516 3362 579 3437 istc
603 3367 675 3444 ὑμῖν
691 3352 866 3447 νσυμφέρειν
890 3365 977 3431 δοκεῖ.

369 3579 500 3665 Duplici
538 3578 653 3645 mendo
687 3581 873 3665 inquinatus
903 3585 951 3646 est
980 3579 1069 3646 locus
1099 3582 1236 3646 eximius
1267 3600 1341 3668 peg.
1374 3579 1428 3645 34.
1462 3579 1515 3644 22.

326 3707 421 3773 quem
453 3686 658 3752 emendatum
689 3703 862 3772 epponem:
896 3685 930 3763 ἐξ
953 3682 986 3751 οὗ
1011 3688 1038 3751 δ’
1062 3687 1086 3751 oi
1111 3687 1306 3766 διερωτῶντες
1332 3687 1414 3763 ὑμᾶς
1438 3683 1516 3752 οὗτοι

324 3796 483 3874 πεφήνασι
514 3792 632 3874 ριίτορες
666 3791 733 3870 ,,τί
762 3793 969 3876 βαρλεσθε
993 3791 1135 3874 γράψω
1160 3789 1202 3857 ἵν’
1228 3794 1321 3872 ὑμῖν
1345 3792 1514 3874 χαρίσω-

325 3899 434 3978 μαι;”
465 3899 657 3980 προπέποται
689 3907 744 3972 τῆς
775 3899 953 3978 παραυτίκα
976 3897 1105 3979 χάριτος
1129 3899 1172 3964 τά
1195 3909 1249 3974 τῆς
1274 3899 1390 3971 πόλεως
1415 3899 1514 3979 πράν-

324 4029 417 4083 ματα
449 4006 502 4071 καί
535 4003 652 4071 τοιαυτί
687 4005 864 4083 συμβαίνει.
913 4003 950 4070 ln
972 4005 1064 4070 libris
1088 4006 1236 4071 omnibus
1258 4006 1337 4072 haee
1361 4007 1516 4090 scripture

324 4113 564 4185 circumfertur:
607 4112 639 4177 τί
672 4111 822 4189 βούλεσθε
831 4132 840 4190 ;
876 4121 920 4176 Τί
958 4109 1089 4192 χράψως
1127 4119 1171 4176 Tl
1208 4113 1279 4189 ὑμῖν
1312 4113 1512 4193 χαρίσωμαι;

321 4219 383 4283 nisi
406 4218 489 4304 quod
511 4220 546 4282 in
568 4219 699 4304 optimis
726 4218 854 4281 barbara
876 4217 979 4284 forme
1002 4219 1176 4300 χαρίσομαι
1199 4219 1330 4306 legitur.

371 4430 450 4518 Peg.
484 4428 535 4495 35.
564 4427 616 4494 19.
641 4427 703 4512 iile
727 4429 753 4493 δ’
776 4427 853 4494 οὕτω
876 4428 1026 4512 σώφρονες
1051 4427 1127 4504 ἦσαν
1151 4433 1301 4515 (maiores
1323 4434 1437 4510 nostri)
1462 4431 1512 4497 καί
