3304 5090
618 411 619 416 ,
706 353 774 428 28¹7

152 551 295 637 disposita
325 549 555 636 acciperentur:
578 547 689 630 crepes
712 547 744 614 31
767 547 866 630 τρίτος
889 545 1069 630 Εὔφορβος,
1095 548 1133 616 οὺ
1157 547 1190 616 δέ
1213 551 1249 628 μ’
1271 547 1335 628 ἕξε-

152 657 283 739 νιιρέζεις.
316 655 401 741 quod
431 658 488 741 qui
517 674 709 741 concoquere
732 656 850 742 poterit
870 675 1047 742 numquam
1071 659 1102 724 ai
1124 661 1192 724 arte
1214 652 1336 724 Gritica

152 769 202 832 aut
222 764 351 828 omnino
374 761 494 828 iudicio
517 764 552 827 in
573 763 642 828 vita
665 763 726 828 erit
749 780 839 847 opus.

191 869 360 936 caeterum
389 866 541 935 mirificae
571 868 631 934 hae
665 872 698 933 at
719 873 917 953 portentosae
940 866 1111 934 verborum
1134 869 1335 936 traiectiones

150 981 268 1064 praeter
289 979 440 1042 naturam
464 972 555 1039 fictae
577 978 727 1040 revocant
746 973 830 1038 mihi
852 975 887 1038 in
905 975 1096 1040 memoriam
1112 973 1251 1060 lapidem
1271 975 1336 1042 his·

151 1081 293 1148 toriolam
321 1080 405 1166 apud
435 1078 639 1146 Athenaeum
668 1100 742 1167 pag.
768 1077 844 1146 493.
868 1099 897 1148 r.
921 1081 980 1147 ubi
1000 1080 1204 1148 Ptolemaeus
1227 1081 1336 1150 Phila·

150 1187 280 1274 delphus
310 1185 453 1253 similem
484 1186 653 1252 verborum
684 1187 904 1252 traiectionam
935 1183 1100 1252 aSosibio
1122 1190 1336 1275 grammatico

150 1298 361 1382 excogitatam
386 1291 559 1358 salsissime
581 1289 774 1356 ludificatur.

191 1399 317 1468 Multae
348 1395 542 1464 (triticorum
571 1395 731 1471 clericare
760 1416 823 1465 non
852 1395 982 1465 aliunde
1013 1417 1110 1484 quam
1142 1398 1216 1466 hinc
1243 1403 1337 1467 natae

148 1511 229 1571 sunt.
263 1505 314 1571 Hx
336 1525 394 1570 suo
414 1508 446 1570 et
468 1501 652 1590 aequalium
671 1523 781 1580 sensu,
802 1501 939 1582 iudicio,
960 1505 1105 1590 opinione
1125 1506 1338 1572 aestimabant

148 1612 347 1698 antiquitatis
378 1631 506 1677 sensum
535 1630 571 1675 ac
601 1615 755 1676 mentam.
801 1607 839 1673 In
867 1607 957 1676 iliad.
991 1620 1024 1678 Ξ.
1055 1609 1131 1680 317.
1156 1615 1337 1681 attrectaret

147 1718 229 1799 ςέχοι
252 1717 376 1795 eecce,
404 1713 450 1781 ὅτι
470 1719 673 1782 ''AKAii’OC
697 1717 713 1790 ἦ
737 1715 950 1796 &capitaneae
973 1722 1032 1781 τῶν
1056 1717 1218 1796 ὀνομάτων.
1245 1720 1298 1786 νυοὶ
1323 1719 1337 1784 d

148 1823 343 1903 ἐπειγόμενος
376 1823 615 1900 carnotentium
640 1827 819 1900 τολυλονεῖ.
867 1821 979 1908 Itaque
1001 1820 1207 1890 Aristarchus
1230 1827 1338 1893 siderei

148 1932 197 1996 eci
221 1929 428 2011 Ἀροτοφοὶνιις
451 1928 615 2009 τροιρθέτεο.
662 1927 901 2013 Aristophanes,
927 1948 1022 2013 quem
1046 1936 1169 1997 constat
1199 1931 1336 2012 έρωτυιέν

147 2039 263 2120 fuisse,
293 2055 471 2120 numquam
502 2037 536 2099 in
567 2033 627 2100 tali
650 2054 684 2101 re
705 2032 802 2121 longo
825 2053 971 2100 sermone
994 2054 1109 2100 usurus
1133 2037 1229 2103 fuisse
1251 2039 1339 2106 vide·

147 2149 218 2208 tnr:
251 2140 344 2208 facile
377 2141 554 2218 credimus,
586 2140 642 2206 sed
671 2139 734 2207 alia
759 2139 921 2208 veteribus
944 2140 1125 2206 cantoribus
1147 2145 1264 2228 quique
1287 2165 1340 2211 eos

148 2250 320 2316 audiebant
342 2249 422 2315 olim
446 2248 603 2334 placuisse
626 2247 776 2316 credibile
797 2252 859 2326 est,
884 2247 999 2333 quibus
1022 2247 1105 2312 nihil
1128 2247 1178 2314 hia
1202 2255 1269 2315 erat
1291 2252 1340 2316 iu·

148 2354 282 2422 cundius
305 2356 402 2420 εἰπεῖν
425 2379 460 2419 τε
485 2353 537 2419 ecl
561 2355 702 2419 dcccdccc.
727 2353 863 2420 Homeri
885 2355 1025 2420 ommino
1048 2356 1135 2421 vitae
1158 2359 1191 2421 et
1209 2361 1341 2422 naturae

149 2460 316 2547 speculum
348 2481 415 2528 esse
446 2460 608 2525 iudicant:
641 2465 726 2544 esto,
750 2459 805 2526 sed
827 2460 968 2546 cctiqacc
989 2466 1123 2527 naturae
1146 2466 1178 2527 at
1201 2464 1340 2550 ingenii,

146 2589 210 2635 non
233 2567 454 2654 Aristophanis
477 2572 509 2632 et
531 2567 708 2632 Aristarchi
731 2565 923 2652 aequalium.

194 2675 291 2738 Οὐδὲν
315 2673 353 2739 ἂν
377 2671 411 2750 ἦν
434 2679 492 2738 τῶν
515 2679 744 2754 γραμματικῶν
767 2673 931 2755 μωρότερον
954 2675 980 2738 εἰ
1000 2673 1045 2751 μὴ
1063 2673 1230 2755 φιλόσοφοι
1250 2671 1339 2752 ἦσαν,

147 2801 285 2866 quorum
316 2779 462 2846 nonnulli
494 2782 528 2844 in
559 2778 701 2845 Homero
731 2779 965 2865 interpretando
987 2778 1132 2864 palmam
1155 2779 1342 2846 stoliditatis

148 2886 374 2975 grammaticis
395 2887 647 2971 praeripuerunt.
682 2881 820 2971 Calypso
842 2884 953 2972 Ulyssi
975 2884 1254 2952 immortalitatem
1273 2883 1342 2973 pol-

147 2991 279 3070 licetur,
304 3011 403 3076 qnam
426 2989 484 3055 ille
508 2991 648 3076 accipere
670 2990 784 3057 noluit.
832 2989 945 3077 Odyss.
971 2999 1010 3055 Η.
1034 2989 1113 3057 256.

923 3093 1045 3177 έφοοοκε

332 3201 432 3276 θήσειν
454 3200 608 3266 ἀθάνατον
631 3199 683 3265 ccccl
707 3199 830 3281 ἀγήρων
855 3199 964 3278 ἥμοτοι
989 3200 1106 3268 πάντες.

330 3307 405 3373 ἀλλ’
429 3306 502 3385 έμὸν
524 3305 646 3372 οὔποτε
660 3305 753 3384 θυμὸν
776 3306 817 3372 et
842 3307 982 3382 τήέεοτιν
1006 3306 1134 3375 terreo.

196 3417 268 3482 Scin
299 3435 356 3480 cur
384 3410 598 3480 recusaverit?
631 3413 820 3499 Numquam
842 3416 978 3500 reperias
1001 3415 1064 3480 nisi
1088 3415 1127 3480 ab
1150 3415 1340 3484 Antisthene

148 3521 321 3588 audiveris.
367 3518 559 3594 Ἀντισθένης
594 3518 690 3599 φησὶν
724 3514 770 3584 ὅτι
805 3519 875 3593 τοὺς
905 3521 1033 3602 έρῶντοος
1065 3520 1119 3603 ἤδη
1154 3519 1228 3610 (leg.
1264 3523 1341 3606 ᾔδει)

148 3627 349 3707 ψευδομένους
383 3625 443 3700 τὰς
478 3624 675 3705 ὑποσχέσεις.
705 3630 794 3691 τοῦτο
825 3625 888 3709 γὰρ
916 3633 1011 3692 ποιεῖν
1034 3628 1087 3692 οὐκ
1112 3627 1241 3703 ἠδύνατο
1262 3629 1340 3709 δέχοο

148 3739 204 3800 τοῦ
236 3733 321 3806 Διός.
367 3730 471 3799 Heml
500 3733 559 3798 hoc
584 3725 716 3799 demum
739 3738 788 3799 est
809 3731 990 3800 Homerum
1013 3735 1214 3819 interpretari
1237 3739 1270 3800 et
1294 3754 1339 3799 sa·

149 3836 240 3926 perel
274 3839 373 3905 Peius
397 3841 496 3905 etiam
519 3843 568 3904 est
589 3839 648 3906 ubi
669 3837 825 3905 Alcinous
847 3837 932 3904 ultro
956 3837 1056 3905 filiam
1075 3837 1188 3925 Ulyssi
1207 3859 1339 3905 uxorem

148 3945 257 4014 offerre
280 3946 414 4012 cidere:
437 3945 580 4022 videtur,
604 3945 753 4029 inquam,
778 3965 916 4030 namque
938 3942 1044 4009 τοῦτοί
1064 3951 1142 4025 <eccs
1159 3947 1339 4024 πειρώμενος

148 4053 175 4118 si
199 4059 270 4125 τοῖς
294 4051 451 4126 danielem
475 4050 635 4116 cirslrrcrc
658 4050 710 4115 τὸν
735 4054 902 4130 Καλυψοῦς
926 4050 1051 4129 γέμον,
1075 4067 1190 4134 nempe
1217 4051 1246 4113 si
1269 4071 1340 4117 cen·

148 4158 304 4224 ditionem
333 4159 504 4243 accepisset
532 4159 567 4221 in
597 4157 767 4222 manifesto
796 4157 960 4222 mendacio
990 4156 1160 4242 deprensus
1182 4154 1274 4222 foret.
1298 4158 1339 4223 ad

150 4263 263 4352 Odyas.
297 4271 336 4329 H.
368 4262 432 4329 311
466 4267 513 4358 eq
529 4261 606 4329 313.
655 4260 738 4328 Sunt
763 4263 840 4328 haec
864 4261 1125 4348 philosophorum
1146 4263 1339 4344 iocantium,

148 4375 189 4436 ut
210 4371 395 4456 saepissime
418 4367 582 4436 Socratem
606 4368 690 4454 apud
712 4367 880 4434 Platonem
904 4372 937 4433 et
959 4367 1203 4454 Xenophontem
1222 4370 1256 4435 in
1272 4391 1341 4438 uer-

149 4459 241 4544 sibus
270 4475 453 4544 Homericis
483 4475 649 4543 ludentem
679 4473 845 4555 ridemus,
873 4493 937 4541 nou
959 4477 998 4540 ut
1019 4477 1130 4560 poetae
1151 4478 1342 4545 sententiam
