3296 5104
337 1172 787 1262 ADVERSARIA
825 1173 1123 1266 chirion.

595 1481 874 1516 *—

568 1744 610 1792 nu
632 1725 886 1793 cancamum.

665 1967 742 2056 (lap.
766 1969 792 2034 Ι.

428 2247 432 2252 .
513 2181 563 2250 Dr
586 2179 884 2250 Oou1cuPre1suvo
906 2183 939 2249 S.

175 2424 284 2508 Quum
317 2446 419 2511 nuper
448 2424 580 2492 feriatus
613 2427 715 2492 animi
744 2425 907 2493 relaxandi
937 2431 970 2494 et
999 2427 1197 2496 exhilarandi
1227 2454 1322 2500 cause

129 2532 269 2600 Parisios
310 2535 448 2601 viserem
490 2530 735 2599 celeberrimum
777 2554 879 2598 unum
918 2536 1064 2600 omnium
1096 2535 1321 2606 Demosthenis

129 2634 281 2705 (iadicem
316 2641 415 2705 otiose
448 2658 521 2704 meo
552 2638 709 2705 arbitratu
736 2659 793 2724 par
823 2639 890 2706 dics
921 2639 1153 2726 complusculos
1183 2647 1318 2712 versavi.

128 2744 201 2812 Non
251 2745 441 2830 quaerebam
491 2765 589 2810 novas
641 2743 811 2822 lectiones,
867 2765 958 2831 quae
993 2746 1073 2814 forte
1119 2753 1319 2836 superiorum

128 2853 230 2918 aciem
264 2851 431 2940 frigissent.
482 2849 563 2917 'I'am
596 2850 754 2935 praeclare
789 2856 820 2916 et
853 2851 1032 2919 luculenter
1066 2857 1204 2922 eximius
1237 2857 1319 2924 liber

128 2956 427 3040 κεκαλλιγράφηται
461 2961 494 3022 et
524 2961 614 3022 tanta
647 2977 723 3022 cura
752 2957 917 3023 Beklrcrus
946 2979 1084 3026 messem
1115 2968 1147 3027 st
1177 2965 1212 3027 in
1240 2964 1318 3030 Din-

128 3063 219 3130 dorii
247 3065 386 3151 gratiam
417 3062 603 3129 Frederious
633 3061 802 3128 Dubnerus
831 3083 941 3142 meus,
974 3067 1050 3151 (quo
1080 3087 1181 3152 neque
1212 3070 1317 3136 omii-

127 3170 248 3237 (liorem
284 3188 477 3254 quemquam
511 3188 612 3254 neque
644 3171 750 3256 magis
783 3169 977 3235 industrium
1012 3176 1044 3236 et
1078 3174 1113 3237 in
1146 3170 1317 3243 Codicibns

128 3275 324 3343 excutiendis
366 3273 573 3341 oculatiorem
607 3274 771 3341 hominem
805 3275 913 3342 videre
946 3297 1000 3342 me
1033 3279 1179 3364 memini)
1215 3283 1318 3365 spicas

128 3381 259 3470 collegit
281 3379 364 3446 nihil
387 3380 617 3466 propemodum
639 3385 678 3445 ut
701 3378 775 3446 addi
797 3402 888 3467 posse
905 3382 1068 3463 videatur,
1091 3386 1146 3451 sed
1164 3385 1223 3453 hoc
1242 3409 1315 3476 age-

126 3489 200 3555 bam
233 3489 438 3574 potissimum
469 3489 611 3573 primum
641 3490 680 3552 ut
710 3508 748 3552 ex
780 3483 905 3553 Codicis
935 3490 1036 3574 ipsius
1059 3492 1252 3577 inspectione
1275 3495 1315 3561 ad

124 3593 374 3660 Demosthenem
416 3591 650 3659 emendandum
691 3597 799 3657 mente
838 3591 985 3660 liberiore
1022 3601 1055 3661 et
1088 3601 1314 3684 perspicaciore

124 3707 231 3768 uterer
264 3699 334 3788 (qui
368 3701 506 3764 eximius
539 3697 663 3764 huntus
697 3703 745 3763 est
773 3697 1053 3787 palaeographicae
1083 3702 1244 3773 facultatis
1275 3729 1315 3774 ex

125 3805 277 3873 diuturna
317 3805 474 3871 librorum
507 3809 655 3870 veterum
687 3801 823 3870 lectione
856 3811 965 3890 partae
1000 3813 1032 3872 et
1066 3810 1311 3900 corroboratae),

124 3911 236 3977 deinde
258 3916 296 3976 ut
318 3917 528 3977 correctorum
552 3914 635 3975 artes
655 3915 688 3975 et
710 3909 836 3976 haudss
858 3932 955 3996 quam
978 3912 1223 4001 diligentissime
1241 3940 1311 4005 pos·

124 4039 190 4084 sem
212 4019 461 4104 investigarem,
485 4015 524 4081 de
547 4015 662 4101 quibus
683 4018 744 4081 erit
766 4017 848 4082 infra
870 4016 995 4083 dicendi
1017 4018 1116 4087 locus.

167 4124 317 4189 Primum
352 4125 385 4186 in
417 4124 556 4210 gratiam
593 4126 625 4187 et
660 4121 864 4188 commodum
900 4141 1025 4197 sorum,
1059 4127 1174 4210 quibus
1203 4138 1312 4217 postea

123 4230 432 4316 praestantissimum
461 4229 606 4294 omnium
634 4225 755 4293 librum
779 4227 865 4294 adire
888 4233 921 4294 et
944 4229 1105 4298 consulere
1128 4239 1308 4327 continget,

124 4336 199 4422 quid
232 4337 267 4399 in
301 4354 337 4400 co
369 4336 567 4399 contineatur
599 4335 647 4398 ita
680 4333 826 4400 indicabo
861 4340 898 4400 ut
929 4335 1022 4401 facile
1056 4339 1099 4404 sit
1132 4343 1310 4425 quemlibet

123 4437 344 4507 Demosthenis
367 4438 474 4504 locum
497 4441 608 4504 statim
632 4442 767 4524 reperire
790 4445 823 4505 et
845 4439 1016 4526 explorare.

1153 4555 1163 4601 1
