3308 5090
693 397 757 470 145

137 593 166 654 ei
194 587 323 665 πληγάς
348 587 482 666 λαβεῖν,
508 588 646 670 πάσχειν
670 587 704 657 εὖ
726 592 779 658 vel
802 597 903 664 κακοῖς
928 593 1055 657 elsim.
1079 611 1137 677 pro
1163 587 1222 657 ίιπί
1245 616 1324 670 τινος

137 693 239 759 codem
264 716 359 760 sensu
380 697 466 776 παρά
486 697 600 763 addere
621 703 729 764 contre
747 698 878 787 linguae
898 699 1054 764 rationem
1075 703 1108 764 el
1126 703 1322 766 constantem

135 807 275 866 velerum
304 823 409 868 usum.
448 805 548 868 Attici
579 806 665 869 enim
698 807 765 870 sine
787 804 855 870 ulle
878 807 1032 871 verietate
1056 803 1115 870 ὑπί
1137 830 1214 878 τινος
1239 807 1322 872 dice-

134 908 220 984 bant,
246 906 339 973 lones
362 915 395 973 el
419 908 548 997 Tragici
570 913 749 995 promiscue
774 909 852 985 ὑπθ.
879 911 929 982 ἐκ.
951 910 1021 990 τρίς
1041 935 1140 990 τινος,
1163 914 1322 997 nequiores

133 1011 293 1090 Graeculi,
319 1017 506 1100 praesertim
528 1013 740 1094 Themislius,
766 1017 910 1082 Iulianus
933 1021 965 1083 ei
988 1016 1142 1083 Libanius
1166 1020 1234 1083 sine
1253 1015 1321 1084 ullo

130 1119 311 1184 discrimine
344 1119 403 1184 ὑπί
433 1121 485 1188 vel
517 1121 602 1202 παρά
630 1145 719 1194 τινος.
767 1123 921 1188 Libsnius
948 1123 973 1187 Ι.
999 1121 1073 1187 486.
1101 1121 1154 1187 25.
1180 1122 1237 1188 ὑπὸ
1261 1129 1319 1188 τῶν

128 1224 219 1302 Φύσει
252 1226 407 1302 πολεμίοιν
438 1226 575 1306 πάσχειν
606 1235 705 1299 κακῶς
738 1228 755 1303 ἢ
788 1239 900 1294 ΠΛΡΛ
933 1235 990 1294 τῶν
1015 1230 1128 1294 οίκείων
1150 1228 1319 1306 μισεῖσθαι.

129 1332 165 1397 Π.
199 1331 277 1397 565.
312 1331 365 1398 12.
398 1333 481 1398 δεινά
514 1333 571 1412 μέν
602 1335 627 1399 εί
660 1334 712 1399 καὶ
748 1345 859 1401 ΠΛΡΛ
892 1343 949 1400 τῶν
982 1337 1136 1413 πολεμίων
1159 1335 1317 1414 χίχνοιτο,

128 1439 278 1518 δεινότερα
310 1439 342 1504 δὲ
373 1434 447 1504 ὅταν
478 1442 575 1504 'Tuo
607 1447 666 1504 τιῖν
698 1441 747 1506 ἐπὶ
780 1443 914 1526 σωτηρία
944 1479 985 1492 -
1016 1440 1231 1519 πεμπομένου,
1264 1440 1318 1507 IV.

127 1543 201 1621 631.
227 1543 259 1610 4.
285 1545 416 1626 τοσούτῳ
440 1545 599 1627 δεινότερον
624 1550 720 1612 ’ΤΠΟ
747 1553 804 1612 τῶν
830 1549 954 1626 άχαθῶν
979 1546 1117 1628 πάσχειν
1141 1553 1240 1619 κακῶς
1262 1544 1319 1629 ὅσῳ

125 1651 263 1732 πάσχειν
288 1645 323 1716 εὖ
347 1662 461 1718 ΠΑΡΑ
488 1651 707 1718 τῶντοιούτων
731 1654 905 1732 ὀφείλεται.
941 1654 1033 1721 More
1055 1657 1216 1720 maiorum
1237 1653 1320 1719 dixit

124 1757 176 1823 IV.
200 1756 280 1823 232.
305 1756 359 1822 28.
384 1758 513 1837 πληγάς
537 1764 634 1826 ‘sno
660 1765 718 1823 τῶν
738 1760 890 1837 δυσμενῶν
909 1761 1040 1838 λαβεῖν.
1062 1757 1249 1826 1111447.
1265 1759 1316 1824 12.

125 1867 220 1930 ’ΤΠΟ
246 1863 364 1946 πατρὸς
386 1862 552 1944 δεξάμενον
575 1867 630 1941 τὴν
654 1868 797 1942 πληγήν.
822 1872 854 1931 et
878 1865 930 1931 IV.
956 1865 1033 1932 455.
1060 1865 1113 1932 15.
1135 1869 1231 1931 'Tllo
1255 1865 1320 1932 δού·

125 1985 176 2036 λου
207 1970 289 2042 τινὸς
315 2007 356 2020 -
381 1973 436 2046 τὴν
468 1974 594 2049 πληγὴν
627 1969 817 2048 δεξαμένων.
843 1977 875 2038 el
896 1971 950 2038 IV.
976 1971 1053 2038 457.
1079 1971 1133 2037 15.
1157 1971 1319 2037 πέπτωκεν

125 2079 220 2142 'sno
265 2081 321 2141 τοῦ
357 2077 493 2158 πατρίς.
528 2083 561 2143 et
594 2076 648 2143 IV.
683 2076 759 2143 457.
797 2077 849 2143 18.
882 2079 895 2143 θ
929 2077 955 2142 δ’
986 2081 1083 2143 ’ΤΠΟ
1113 2081 1166 2141 τοῦ
1202 2077 1317 2156 πατρίς

125 2182 345 2270 (άποθνιὶσκυν)
379 2183 409 2247 ε’ν
436 2185 477 2264 τῷ
501 2183 596 2249 ΠΑΡ’
620 2183 732 2250 ἐκείνου
756 2183 850 2264 μείζω
874 2185 957 2258 δίκην
983 2183 1074 2249 ἔδωκε
1096 2188 1150 2248 τοῦ
1175 2183 1317 2251 θανάτου.

125 2288 221 2354 Recte
253 2288 373 2354 dicitur
399 2288 439 2354 H.
467 2287 542 2354 359.
570 2287 622 2354 18.
649 2290 705 2355 sne
729 2296 788 2354 τιῖυ
812 2296 911 2356 κακῶν
935 2296 1036 2361 κακῶς
1060 2291 1196 2355 άκοθειν.
1221 2295 1254 2354 et
1276 2290 1317 2354 Π.

126 2392 200 2460 487.
230 2395 285 2460 21.
316 2393 437 2460 duodece
462 2395 519 2459 ὑπὸ
544 2397 687 2470 καπήλου
711 2401 830 2468 κακῶς.
854 2395 908 2461 sed
931 2417 1095 2481 perperam
1119 2395 1160 2460 Π.
1187 2393 1261 2460 383.
1285 2395 1316 2461 9.

125 2508 224 2571 κακῶς
256 2500 378 2566 άκοθειν
409 2503 495 2580 παρά
526 2509 585 2566 τῶν
617 2501 806 2567 σπουδαίαν.
840 2507 872 2567 ei
893 2500 933 2566 Il.
960 2500 991 2567 3.
1017 2501 1069 2567 11.
1095 2504 1137 2572 είς
1160 2503 1197 2566 τὸ
1220 2502 1317 2582 πράτ-

129 2630 186 2671 τειν
210 2607 304 2684 άξίως
330 2608 415 2671 ε’λέου
439 2617 551 2673 ΠΛΡΑ
572 2614 631 2671 τῶν
651 2607 850 2687 γραμμάτων
871 2606 1058 2690 ἀφιγμένοι.
1081 2613 1114 2674 et
1134 2608 1174 2673 H.
1191 2607 1267 2672 500.
1282 2607 1313 2674 9.

125 2714 294 2794 σωζομένης
323 2713 410 2791 παρὰ
438 2719 496 2777 τῶν
522 2715 610 2778 θεῶν.
638 2719 670 2778 et
693 2712 748 2780 IV.
777 2711 830 2778 30.
859 2712 910 2778 26.
937 2713 1044 2793 μίσους
1070 2715 1157 2793 παρὰ
1180 2721 1239 2779 τῶν
1262 2739 1316 2781 πε-

125 2821 236 2900 ριοίκων
266 2818 441 2899 τυγχάνειν
449 2867 457 2896 ,
490 2822 640 2904 quonism
672 2819 780 2895 μίσους
811 2818 983 2900 τυγχάνειν
1005 2825 1080 2886 nolo
1102 2842 1164 2885 usu
1187 2823 1318 2906 ponitur

124 2947 178 3010 pro
208 2927 388 3004 μισεῖσθαι,
419 2931 457 2989 ut
489 2925 631 3003 ἐπαίνου,
665 2925 785 3003 ψόγου,
819 2931 931 3010 τιμῆς,
956 2924 1040 2990 ε’λέου
1064 2925 1237 3007 τυγχάνειν
1258 2947 1315 3013 pro

125 3033 333 3106 ἐπαινεῖσθαι,
369 3030 540 3112 ψέγεσθαι.
576 3031 749 3108 τιμᾶσθαι,
787 3032 946 3096 ἐλεεῖσθαι.
1001 3031 1099 3098 Peius
1133 3035 1231 3098 etiam
1268 3035 1316 3097 esi

126 3138 205 3222 quod
227 3138 350 3226 legitur
372 3137 427 3202 IV.
452 3135 529 3202 386.
555 3136 608 3203 11.
633 3137 667 3202 cd
690 3141 764 3218 παρ’
789 3140 863 3216 ἐμοῦ
888 3163 924 3204 σε
945 3137 1117 3216 γεγονέναι.
1152 3136 1206 3204 Sic
1224 3143 1315 3224 peter

125 3243 255 3310 Neocles
290 3245 371 3309 dicit
406 3244 445 3309 sd
475 3243 726 3310 Themistoclem
758 3243 863 3309 filium
896 3252 945 3322 „lc
974 3267 1034 3309 cccc
1064 3267 1100 3307 cc
1130 3267 1174 3309 κισ
1195 3242 1315 3308 σείονθ’

125 3352 205 3435 quod
227 3351 405 3418 necessario
427 3351 473 3415 sic
496 3355 564 3415 eret
588 3350 776 3417 dicendum:
802 3351 837 3429 ἐξ
860 3352 934 3430 ἐμοῦ
958 3375 992 3415 σε
1016 3349 1188 3429 γεγονέναι.

369 3599 595 3658 CTMIINGIN
622 3629 663 3640 —
687 3600 870 3670 συμπονεῖν,
899 3597 1065 3694 συμπλεῖν.

167 3773 380 3862 Opponuniur
406 3775 491 3839 inter
513 3793 545 3838 se
570 3781 721 3850 συμπιεῖν
745 3777 778 3838 ei
800 3771 981 3840 άνθίςασθαι
1006 3775 1073 3839 sive
1097 3773 1314 3840 ἐναντιοῦσθαι.

122 3880 296 3946 Emendate
326 3879 449 3968 legitur
479 3877 534 3943 ΠΙ.
568 3877 622 3943 84.
653 3877 683 3942 6.
708 3879 739 3942 έν
764 3873 806 3949 οἷς
831 3877 865 3943 τέ
889 3901 950 3943 τισι
974 3879 1193 3959 συμπυέουσιν,
1218 3879 1248 3943 έν
1270 3875 1313 3953 οἷς

123 4009 156 4049 τε
181 3987 399 4052 ἐναντιοῦνται.
437 3983 497 4049 Sed
527 3984 681 4050 mendum
706 3989 754 4050 est
776 3983 832 4050 Ill.
854 3981 934 4050 224.
960 3984 991 4050 9.
1015 3983 1029 4051 ὃ
1054 3987 1089 4062 δὴ
1113 3985 1164 4049 καί
1189 3985 1314 4053 καθεῖλε

122 4094 174 4167 τὴν
200 4093 319 4173 βουλάν
343 4091 396 4155 καί
421 4098 555 4171 μικοΟΝ
578 4091 611 4155 ἐκ
634 4088 816 4168 μεχάλΩΝ
840 4091 964 4165 ἕτοίνςσε
986 4091 1020 4154 τὸ
1043 4093 1088 4167 μὴ
1111 4090 1217 4156 ταύτά
1241 4097 1311 4173 Φρο·

122 4208 179 4264 νεῖν
187 4248 196 4278 ,
231 4198 266 4263 τδ
302 4199 347 4276 μῖι
384 4204 584 4274 συμπονεῖν.
622 4197 657 4260 τὸ
691 4197 736 4273 μὴ
772 4202 830 4260 τῶν
862 4197 962 4262 αὐτοῖν
992 4195 1170 4276 θρέχεσθαι,
1202 4198 1237 4263 τί
1267 4202 1311 4278 μὴ

122 4303 304 4382 ουνεςάναι,
340 4303 385 4368 τί,
409 4303 578 4386 διῃρῆσθαι,
610 4303 645 4368 τί
677 4300 896 4383 διακεκόφθαι,
928 4304 963 4367 τὸ
993 4302 1116 4373 πολλάς
1146 4299 1223 4368 εἶναι
1257 4307 1312 4381 τὴν

122 4413 208 4489 μίαν.
247 4408 404 4478 cumulat
433 4409 530 4475 verba
560 4408 733 4486 ῖσοδύναμα
757 4411 880 4494 copiam
903 4413 936 4473 el
958 4407 1138 4474 ubertatem
1163 4413 1314 4478 orationis

122 4515 201 4584 hsnc
235 4536 302 4583 esse
332 4519 467 4602 putans,
499 4519 537 4580 ui
566 4513 623 4582 111.
653 4511 728 4583 172.
754 4511 786 4581 7.
810 4513 923 4599 συζιῖς,
946 4513 1044 4594 σθυει,
1069 4516 1312 4599 συνδιατρίβεις,

1135 4627 1164 4674 10
