3356 5086
735 359 800 430 287

174 555 271 618 stiam
303 572 342 616 ex
375 550 504 637 ingenio
533 551 567 614 in
597 546 693 615 sliam
725 552 911 617 mutaverit.
956 551 1002 617 At
1023 575 1108 620 nunc
1131 553 1262 641 quidem
1285 569 1361 618 sum

174 659 254 723 ratio
284 658 378 746 fugit
427 655 511 735 Quid
542 657 585 720 sit
614 653 762 724 Hectoris
792 659 921 744 ingenio
952 661 1056 746 magis
1087 659 1361 726 accommodatum

176 765 305 846 (οἰκεῖον)
337 762 461 846 liquido
491 759 614 825 definiri
645 781 706 825 non
738 771 857 847 potest:
891 785 985 827 suurn
1017 768 1149 850 quisque
1180 767 1213 829 in
1244 764 1362 828 talibus

174 889 300 934 sensum
332 871 493 952 seqnitur,
525 887 624 950 neque
653 875 747 932 acuto
770 868 892 933 homini
916 889 1070 955 umquam
1094 871 1219 935 deficiet
1241 871 1359 945 oratio,

175 975 270 1040 donec
302 995 375 1038 eum
407 973 578 1060 redargunt
609 975 730 1038 acutior
761 973 849 1039 alter.
897 974 986 1040 Nihil
1018 979 1063 1040 sic
1093 974 1271 1061 proficitur:
1308 974 1362 1039 sed

176 1080 242 1145 sota
264 1089 454 1167 argumenta
477 1081 689 1164 grammatica
713 1083 769 1143 eut
792 1083 927 1145 metrica
949 1102 1017 1146 rem
1039 1087 1128 1146 extra
1145 1101 1271 1148 omnem
1293 1099 1363 1145 oon·

175 1189 361 1251 tmrersiam
392 1189 523 1269 ponunt.
567 1181 722 1261 Quoniam
754 1187 787 1248 in
818 1205 911 1250 versu
935 1187 1059 1252 heroico
1082 1186 1150 1251 fieri
1172 1207 1234 1251 non
1256 1191 1362 1270 potest

175 1298 212 1356 ut
241 1312 298 1376 pro
330 1290 457 1376 dactylo
480 1291 604 1354 οοοιὶοιιο
627 1289 854 1372 substituatur,
879 1298 1001 1356 certum
1027 1298 1075 1358 est
1098 1292 1232 1372 εὔχομοιι
1256 1289 1362 1355 riant-

175 1421 263 1474 μενος
287 1396 479 1479 abantiquo
503 1401 629 1460 cantore
653 1393 717 1458 dici
738 1414 801 1459 non
824 1398 976 1481 potuisse.

219 1606 257 1672 In
279 1605 369 1672 Iliad.
395 1615 427 1671 Ξ.
452 1603 529 1669 235.

380 1711 441 1787 ἐγὼ
465 1709 498 1774 δέ
520 1707 555 1772 κέ
578 1731 623 1773 τοι
646 1707 725 1773 riddo
749 1708 842 1789 χάριν
865 1711 976 1786 ἤροοοποο
1001 1709 1120 1777 πάντιο.

176 1823 358 1883 annotatur:
381 1815 566 1894 Ἀράςοιρχος
593 1815 707 1896 χάριν
735 1813 856 1879 attio:
889 1817 922 1879 οιὶ
945 1816 976 1880 δὲ
996 1816 1140 1891 θηριώδεις
1170 1817 1272 1882 εἰδέω
1295 1814 1361 1896 χά-

175 1947 240 2003 ριν.
276 1921 377 1986 Unice
396 1942 470 1986 vera
488 1926 535 1986 est
554 1927 611 1984 τῶν
632 1920 772 1996 δκροοοδῶν
793 1923 948 2006 scriptura
968 1921 1082 1987 leniter
1100 1922 1266 1987 emendata
1282 1921 1361 2006 (itta

176 2027 265 2106 χάριν
289 2048 346 2112 pro
370 2028 467 2104 εἰδέω)
490 2034 520 2092 et
544 2027 747 2092 Aristarchus
769 2027 953 2111 imprudens
973 2035 1115 2092 metrum
1134 2028 1363 2112 pessumdedit.

176 2134 297 2200 Mirum
320 2139 369 2198 est
384 2135 481 2198 stiam
502 2132 677 2197 Aristarchi
698 2131 736 2196 de
755 2131 812 2198 tali
830 2134 1056 2216 compositione
1067 2131 1237 2197 iudicium:
1250 2151 1364 2217 nempe

176 2242 235 2317 ἐγὼ
262 2241 294 2304 δέ
318 2238 351 2302 κέ
376 2261 420 2301 τοι
445 2236 511 2302 ἰδέω
535 2236 628 2318 χάριν
652 2237 904 2322 componendum
930 2249 997 2303 erat
1020 2258 1093 2303 cum
1116 2236 1196 2302 loeis
1218 2237 1363 2302 huiusce·

175 2345 280 2420 modi,
314 2344 375 2420 ἐγὼ
407 2343 438 2408 δέ
472 2343 507 2406 K*
540 2342 630 2420 άχοι,
656 2349 689 2407 et
713 2343 772 2420 ἐγὼ
797 2343 828 2406 δὲ
852 2351 906 2407 Ke
930 2343 1163 2423 οιοιὸνάγείριο,
1188 2343 1366 2427 dequibus

176 2451 257 2515 inira
289 2450 448 2525 dicemus,
481 2448 535 2514 sed
567 2447 642 2514 audi
674 2450 854 2533 opinionem
883 2449 1076 2514 Aristarchi:
1105 2454 1220 2514 ἜΔΕΙ
1246 2449 1276 2514 u
1301 2450 1365 2524 ἤτοι

177 2557 328 2629 εἰδείην
359 2552 396 2620 ἵν’
426 2551 443 2635 d
475 2555 510 2620 τὸ
533 2556 615 2634 ρ’ῆμοι
641 2552 872 2630 transmisso
899 2556 1114 2640 (coniunctiores
1135 2573 1196 2621 suo
1220 2557 1364 2640 optativo:

178 2663 252 2747 qnid
272 2657 482 2746 simpliciusi)
504 2658 520 2734 ri
541 2661 605 2724 ’ΘΚ
626 2667 833 2724 ΠΕΡΙΕΕΟΤ
855 2660 1008 2735 νοουμένου
1032 2665 1086 2726 τοῦ
1108 2670 1162 2726 ΚΕ
1183 2663 1243 2738 ἐγὼ
1264 2660 1297 2725 δέ
1320 2680 1365 2725 σοι

176 2768 298 2843 εἵσομαι
329 2766 433 2847 χάριν.
479 2763 630 2832 Nondum
662 2763 760 2829 multi
784 2767 858 2830 enni
883 2772 958 2830 sunt
980 2787 1018 2831 ex
1044 2786 1106 2852 quo
1127 2759 1260 2831 eruditis
1282 2787 1366 2832 com·

176 2873 267 2960 plura
287 2874 435 2953 οἰοροοιον
454 2871 607 2934 abundare
626 2870 817 2935 ridebantur
835 2876 868 2936 et
887 2870 950 2936 slia
969 2877 1077 2937 contra
1095 2873 1243 2952 elepanter
1254 2873 1366 2948 adesse,

176 2987 213 3044 ut
235 2978 303 3044 sola
324 2983 455 3042 naturae
478 2975 668 3060 simplicitas
690 2984 746 3040 aut
766 2976 889 3040 dicendi
909 2981 1026 3041 veritas
1045 2978 1197 3058 ιὀιοίορσιιο
1218 2999 1284 3043 esse
1306 3000 1364 3064 pu-

175 3091 306 3150 taretur.
341 3083 407 3148 Ubi
429 3080 543 3146 rocula
565 3089 619 3144 ue
642 3080 725 3164 apud
748 3079 928 3145 Homerum
951 3103 1022 3146 cum
1048 3083 1155 3148 tuturo
1178 3085 1287 3147 iuncta
1323 3089 1371 3148 est

178 3190 239 3255 dici
269 3195 394 3275 poterat
426 3187 588 3264 παρέλκειν
620 3187 655 3248 τὸ
681 3194 734 3250 ΚΕ
756 3185 809 3251 vel
834 3186 868 3248 ἐκ
893 3192 1034 3265 περισσοῦ
1059 3191 1205 3263 νοεῖσάιιι,
1231 3191 1367 3263 κεῖσάοιι,

179 3298 330 3368 τίθεσθαι,
362 3298 438 3378 quia
464 3299 536 3378 post·
558 3291 738 3368 Homerum
762 3312 855 3358 nemo
879 3312 947 3357 eam
971 3292 1160 3376 particulam
1175 3294 1291 3378 scituro
1315 3293 1368 3359 sd·

181 3403 287 3480 debat,
322 3407 355 3466 st
386 3400 469 3484 apud
501 3398 681 3464 Homerum
709 3397 837 3482 perinde
861 3404 909 3462 est
932 3397 1079 3464 additare
1102 3402 1145 3464 sit
1168 3419 1207 3462 an
1229 3419 1292 3464 non
1315 3401 1365 3464 sit.

181 3507 240 3574 Sed
272 3508 330 3572 uhi
358 3506 503 3582 ὁμηρικῶς
528 3525 586 3589 pro
609 3504 669 3581 ἐγὼ
694 3503 719 3568 δ’
741 3501 825 3586 ἄξοι,
849 3502 910 3579 ἐγὼ
936 3503 967 3568 δέ
992 3527 1035 3568 σοι
1060 3503 1152 3585 χάριν
1176 3503 1298 3580 εἵσομαι
1322 3504 1368 3568 di·

181 3616 262 3678 eitur
292 3611 353 3690 ἐγὼ
379 3611 411 3677 δέ
434 3613 461 3674 κ’
492 3609 578 3687 atyn,
602 3609 663 3687 ἐγὼ
687 3607 719 3672 δέ
742 3607 776 3672 κέ
800 3631 845 3671 τοι
868 3606 947 3670 ridie
971 3607 1083 3688 χάριν,
1107 3609 1183 3692 quia
1206 3616 1260 3672 ΚΕ
1282 3628 1368 3693 pror·

181 3740 233 3784 sus
251 3719 464 3783 necessarium
486 3721 552 3799 est,
572 3716 736 3796 παρέλκειν
755 3711 807 3778 vel
827 3713 860 3778 ἐκ
878 3717 1020 3791 περισσοῦ
1033 3715 1162 3778 resistat
1174 3712 1264 3778 nullo
1274 3714 1369 3779 modo

182 3825 243 3890 dici
263 3828 378 3910 potest.

226 4032 275 4098 Ad
298 4029 389 4097 Iliad.
415 4037 449 4094 θ.
475 4026 552 4095 787.
576 4031 622 4114 (ot
646 4037 684 4092 Θ.
709 4024 800 4110 228).

338 4137 456 4210 Αἰδὼς,
481 4136 635 4213 Ἀργεῖοι,
660 4130 733 4197 κάκ’
760 4129 921 4210 ἐλέγχειν,
946 4132 1036 4203 nitor
1060 4134 1182 4209 άχιρτσί.

136 4260 139 4266 ·
183 4245 345 4310 annotavit
368 4242 542 4327 Didymus:
570 4239 754 4321 Ἀρίςοιρχος
780 4237 811 4302 δὲ
845 4237 930 4302 κάκ’
959 4236 1193 4318 ἐκεχχὲθῦ.
1241 4235 1369 4322 Optime

184 4349 303 4436 legitur
326 4360 366 4413 Δ.
391 4346 469 4413 242.

383 4457 517 4534 Ἀργεῖοι
542 4450 690 4532 ιιάμοοροι,
717 4449 889 4528 sisypho,
913 4447 948 4513 od
969 4473 1002 4534 νν
1026 4448 1154 4526 σέβεσθε
1162 4468 1170 4526 ;
