3308 5090
873 331 937 402 leo

308 523 427 611 poterit
456 513 613 590 sententia
643 525 671 588 si
702 522 774 603 πρθς
801 526 1007 610 expunxeris,
1031 530 1070 591 ut
1092 526 1325 613 coniungantur
1348 525 1400 592 καί
1425 518 1497 592 robe

309 627 469 708 ποταμοὺς
495 665 536 678 -
561 630 800 696 άναντλοιίντυν.

354 840 448 928 Apud
482 840 671 908 Strabonem
705 862 779 930 pag.
817 840 893 907 149.
929 845 1057 932 egregie
1089 844 1279 932 Madvigius
1308 845 1384 910 Ado.
1421 845 1498 910 orit.

307 969 383 1037 pag.
414 946 490 1014 532.
522 950 556 1012 in
587 947 656 1013 loco
688 947 884 1014 conclamato
916 951 1110 1035 insperatam
1140 949 1246 1016 lucem
1271 951 1362 1016 nobis
1385 949 1500 1015 attulit

309 1053 483 1140 supplendo
513 1052 661 1120 lacunam
691 1055 726 1118 in
756 1053 842 1119 hunc
871 1055 1022 1121 modum:
1057 1091 1098 1104 -
1129 1063 1187 1122 τῶν
1219 1057 1253 1122 ἐκ
1283 1059 1336 1122 τοῦ
1361 1059 1499 1134 Τρωϊκοῦ

309 1159 446 1237 πολέμου
479 1159 727 1240 περιγενομένων.
782 1159 864 1248 (Τῶν
894 1161 958 1240 γάρ
989 1164 1129 1240 Τρωὶίιῶν
1159 1163 1283 1243 χρονίαν
1314 1163 1500 1242 γενομένων)

309 1265 361 1332 καί
394 1266 443 1330 ἐπ’
472 1264 538 1341 ίσης
562 1264 767 1332 κακωσάντυν
789 1265 858 1338 τοῦς
883 1290 918 1332 τε
942 1269 1172 1345 πολεμηθέντας
1197 1268 1343 1342 καὶτοὺς
1369 1267 1498 1340 ἑλόντας

308 1375 363 1449 την
394 1375 573 1456 Τροίαν-
597 1372 711 1446 συνέβη
747 1381 809 1445 τοῖς
839 1397 876 1439 τε
906 1375 1125 1456 περιλειφθεΐσι
1150 1411 1198 1430 -.
1218 1381 1335 1440 ΚΑΤΑ
1367 1374 1497 1456 λρτείας

307 1479 471 1559 τρέπεσθαι
494 1479 547 1546 καί
572 1485 635 1550 τοῖς
657 1475 819 1552 Ἕλλησιν.
1287 1505 1295 1518 ·

353 1694 433 1782 Pag.
467 1693 542 1759 150.
575 1691 688 1770 συνέβη
720 1699 783 1765 τοῖς
814 1695 1051 1773 περιλειφθεῖσιν
1080 1694 1267 1759 άπελθοῦσιν
1290 1694 1324 1758 dx
1347 1699 1406 1758 τῶν
1429 1717 1494 1758 κιν-

309 1799 401 1866 θῦνον
425 1809 542 1866 ΚΑΤΑ
565 1798 692 1880 λης-σίας
712 1797 887 1877 τρέπεσθαι.
922 1797 1113 1865 Mendaeum
1133 1804 1182 1865 ast
1200 1797 1296 1865 κατά.
1331 1798 1497 1865 Usitatum

310 1910 358 1971 est
388 1912 421 1972 et
450 1907 582 1972 caeteris
612 1910 645 1970 et
668 1902 816 1971 Straboni
840 1905 943 1970 dicere
966 1913 1076 1970 ssi’oc
1099 1904 1153 1972 vol
1176 1907 1257 1971 'eni
1281 1906 1408 1985 λησείας
1430 1905 1498 1987 τρέ-

310 2014 440 2088 πεσθαι,
473 2018 512 2077 ut
534 2032 608 2099 pag.
637 2009 711 2076 193.
736 2011 786 2075 έπί
810 2009 1139 2091 succlamantem.
1162 2032 1234 2100 pag.
1263 2010 1339 2078 180.
1361 2033 1498 2091 τετραμ-

310 2119 407 2197 μένων
431 2118 485 2196 ἤδη
511 2118 582 2198 πρθς
609 2117 770 2188 πολιτείας
791 2115 844 2181 καὶ
869 2119 1035 2198 γεωργίας.
1060 2123 1094 2184 et
1116 2120 1162 2184 sic
1184 2117 1262 2184 alibi
1283 2119 1412 2206 passiam.

355 2330 435 2419 Pag.
462 2328 538 2395 155.
562 2330 595 2394 ci
620 2337 765 2407 γυναῖκες
790 2327 820 2393 δέ
842 2329 873 2393 ἐν
895 2365 936 2378 -
957 2329 1092 2401 ἀνθιναῖς
1116 2331 1304 2405 έσθιίσεσι
1328 2330 1495 2410 διάγουσιν.

310 2435 519 2502 Tralaticium
548 2438 581 2501 in
605 2434 697 2501 libris
718 2433 871 2500 mendum
893 2434 954 2501 hoc
976 2441 1024 2501 est
1047 2441 1084 2500 ut
1107 2437 1270 2502 'SCOHCI
1295 2444 1496 2504 convertatur

309 2543 344 2608 in
369 2541 506 2608 formam
529 2541 684 2605 θυνθαοανι
707 2541 856 2617 έσθησεσι.
878 2545 917 2606 ut
936 2543 970 2606 iu
994 2540 1098 2608 Inuoco
1121 2543 1239 2626 Εαοοιρ.
1262 2541 1379 2610 ΧΧΝ.
1407 2543 1439 2610 4.
1463 2549 1496 2609 et

311 2646 390 2713 alibi
412 2651 543 2735 passim.
934 2692 935 2696 =

354 2859 434 2949 Pag.
467 2859 542 2926 158.
575 2859 627 2925 καί
658 2860 759 2938 λιμένι
793 2861 845 2926 καί
869 2857 963 2942 λίμνη
987 2861 1175 2937 κεκθσμηται
1200 2861 1375 2953 (Carthago
1398 2863 1493 2954 nove)

309 2967 363 3034 καί
394 2975 457 3039 τοῖς
481 2970 554 3051 [τῶν
577 2968 739 3052 άργνρίυν]
763 2966 955 3045 μετάλλοις,
980 2969 1047 3046 περί
1072 2965 1110 3034 do
1134 2975 1362 3050 προειρήκαμεν.
1400 2969 1496 3039 Grae

308 3095 383 3140 cum
406 3075 518 3140 estrei
544 3075 710 3152 άργυρεῖα,
735 3073 777 3139 τά
801 3081 934 3154 χρυσεία
958 3075 1219 3160 arpentisbdr'uoe,
1243 3076 1442 3161 aurifodinae
1464 3083 1496 3143 et

308 3181 392 3256 eim„
424 3180 478 3245 sed
508 3199 602 3245 nemo
634 3179 676 3244 τά
705 3185 763 3244 τῶν
794 3180 958 3260 άργυρείοιν
982 3183 1132 3258 μέταλλα
1155 3202 1310 3267 umquam
1336 3183 1420 3248 dixit
1443 3182 1496 3248 vel

307 3286 411 3352 dicere
441 3287 556 3371 potuit.
600 3284 750 3364 Ἀργύρου
781 3290 814 3350 et
842 3289 957 3368 χρυσοῦ
989 3286 1140 3364 μέταλλα
1171 3296 1254 3354 recte
1278 3289 1414 3366 dicitur,
1440 3287 1496 3356 sed

306 3393 472 3474 adproprias
495 3391 645 3465 μέταλλα
664 3391 837 3456 absurdum
859 3403 916 3458 est.
951 3392 1063 3480 Itaque
1081 3394 1152 3460 dale
1171 3397 1315 3480 ineptum
1336 3394 1496 3462 emblema

306 3505 340 3566 et
362 3496 445 3566 nihil
468 3495 660 3563 desiderabis
678 3499 712 3561 in
730 3499 854 3563 verbis:
874 3506 937 3572 τοῖς
957 3499 1148 3577 μετάλλοις,
1169 3499 1236 3581 περί
1257 3497 1295 3566 ὧν
1316 3502 1504 3588 εἰρήκαμεν..

351 3711 432 3800 Pag.
459 3706 534 3774 162.
558 3706 593 3772 τὸ
613 3707 644 3773 δὲ
664 3716 842 3774 τελευταῖον
863 3709 888 3774 ol
909 3718 1095 3804 Νομαντῖνοι
1107 3712 1347 3791 πολιορκούμενοι
1362 3723 1494 3795 ΔΙεααρ-

306 3817 437 3896 τέρηταν
464 3817 545 3889 πλίρν
576 3813 688 3891 θλίγυν
717 3821 774 3880 τῶν
806 3815 945 3880 ένδθντοιν
968 3817 1003 3881 τὸ
1027 3825 1144 3898 τεῖχος.
1181 3817 1257 3884 Sine
1280 3823 1494 3887 controversia

306 3923 494 3989 mendosum
529 3926 577 3986 est
607 3920 840 4000 διεκαρτέρηταν
895 3921 1005 4009 Itaque
1035 3922 1186 3991 Meinelre
1216 3927 1494 4007 ἈΠεκαρτέρηταν

306 4029 493 4116 reponebat;
523 4027 577 4094 sod
601 4029 818 4107 άποκαρτερεῖν
842 4035 927 4095 certo
950 4036 983 4095 et
1005 4033 1162 4096 constanti
1184 4037 1216 4097 at
1238 4032 1494 4117 frequentissimo

306 4157 368 4200 usu
399 4135 437 4200 de
468 4136 509 4199 iis
540 4134 657 4200 dicitur
688 4137 743 4219 qui
772 4156 827 4199 soc
853 4143 953 4218 ιρονιίε
983 4137 1046 4202 cibo
1077 4138 1225 4204 abstinent
1248 4144 1281 4204 et
1303 4140 1368 4202 otta
1390 4141 1495 4206 inedia

297 4242 427 4328 ficiunt.
468 4239 612 4307 Historia
634 4240 906 4306 Numantinorum
930 4241 1072 4330 postulat
1093 4251 1132 4308 ut
1154 4245 1358 4310 rescribatur:
1384 4247 1409 4312 oi
1434 4255 1494 4312 Νο-

304 4354 443 4428 μαντῖνοι
475 4383 516 4396 -
548 4349 651 4428 λιμῷ
682 4345 980 4428 διεφθάρησαν,
1013 4355 1045 4416 et
1073 4351 1119 4415 sic
1142 4349 1273 4418 demum
1296 4349 1494 4440 intelligitur

306 4455 389 4534 πλίρυ
412 4453 535 4533 ίλίγοιν.
