<?xml version="1.0" encoding="UTF-8"?>
<!DOCTYPE html PUBLIC "-//W3C//DTD XHTML 1.0 Transitional//EN"
    "http://www.w3.org/TR/xhtml1/DTD/xhtml1-transitional.dtd">
<html xmlns="http://www.w3.org/1999/xhtml" xml:lang="en" lang="en">
 <head>
  <title>
</title>
<meta http-equiv="Content-Type" content="text/html;charset=utf-8" />
  <meta name='ocr-system' content='tesseract 3.04.00' />
  <meta name='ocr-capabilities' content='ocr_page ocr_carea ocr_par ocr_line ocrx_word'/>
</head>
<body>
  <div class='ocr_page' id='page_1' title='image "./miscellaneacrit00cobegoog/miscellaneacrit00cobegoog_0470.png"; bbox 0 0 3356 5084; ppageno 0'>
   <div class='ocr_carea' id='block_1_1' title="bbox 733 332 798 404">
    <p class='ocr_par' dir='ltr' id='par_1_1' title="bbox 733 332 798 404">
     <span class='ocr_line' id='line_1_1' title="bbox 733 332 798 404; baseline -0.031 0"><span class='ocrx_word' id='word_1_1' title='bbox 733 332 798 404; x_wconf 85' lang='grc'><strong>465</strong></span> 
     </span>
    </p>
   </div>
   <div class='ocr_carea' id='block_1_2' title="bbox 165 523 1356 614">
    <p class='ocr_par' dir='ltr' id='par_1_2' title="bbox 165 523 1356 614">
     <span class='ocr_line' id='line_1_2' title="bbox 165 523 1356 614; baseline 0.007 -24"><span class='ocrx_word' id='word_1_2' title='bbox 165 523 286 604; x_wconf 69' lang='grc' dir='ltr'><strong><em>βιέντος</em></strong></span> <span class='ocrx_word' id='word_1_3' title='bbox 319 531 392 594; x_wconf 79' lang='lat' dir='ltr'><strong>cett</strong></span> <span class='ocrx_word' id='word_1_4' title='bbox 426 546 501 594; x_wconf 86' lang='lat' dir='ltr'><strong>num</strong></span> <span class='ocrx_word' id='word_1_5' title='bbox 532 529 602 614; x_wconf 90' lang='lat' dir='ltr'><strong>quis</strong></span> <span class='ocrx_word' id='word_1_6' title='bbox 632 526 814 594; x_wconf 82' lang='lat' dir='ltr'><strong>admonitus</strong></span> <span class='ocrx_word' id='word_1_7' title='bbox 845 549 908 596; x_wconf 92' lang='lat' dir='ltr'><strong>non</strong></span> <span class='ocrx_word' id='word_1_8' title='bbox 938 529 1035 595; x_wconf 90' lang='lat' dir='ltr'><strong>sentit</strong></span> <span class='ocrx_word' id='word_1_9' title='bbox 1065 549 1104 594; x_wconf 88' lang='lat' dir='ltr'><strong>ex</strong></span> <span class='ocrx_word' id='word_1_10' title='bbox 1127 537 1251 597; x_wconf 77' lang='lat' dir='ltr'>BIOTc</span> <span class='ocrx_word' id='word_1_11' title='bbox 1274 529 1356 598; x_wconf 85' lang='lat' dir='ltr'><strong>nihil</strong></span> 
     </span>
    </p>
   </div>
   <div class='ocr_carea' id='block_1_3' title="bbox 21 629 1356 836">
    <p class='ocr_par' dir='ltr' id='par_1_3' title="bbox 21 629 1356 836">
     <span class='ocr_line' id='line_1_3' title="bbox 21 629 1356 734; baseline -0.009 -21"><span class='ocrx_word' id='word_1_12' title='bbox 21 699 22 734; x_wconf 71' lang='lat'><strong>.</strong></span> <span class='ocrx_word' id='word_1_13' title='bbox 165 629 254 698; x_wconf 73' lang='grc' dir='ltr'><strong>11Ῑὶ1111</strong></span> <span class='ocrx_word' id='word_1_14' title='bbox 286 654 383 719; x_wconf 75' lang='grc'><strong>(11111111</strong></span> <span class='ocrx_word' id='word_1_15' title='bbox 412 632 534 711; x_wconf 64' lang='lat' dir='ltr'><strong>(illvm</strong></span> <span class='ocrx_word' id='word_1_16' title='bbox 558 633 690 700; x_wconf 79' lang='lat' dir='ltr'><strong>formari</strong></span> <span class='ocrx_word' id='word_1_17' title='bbox 712 635 873 720; x_wconf 85' lang='lat' dir='ltr'><strong>potuisse,</strong></span> <span class='ocrx_word' id='word_1_18' title='bbox 898 639 935 701; x_wconf 89' lang='lat' dir='ltr'><strong>ut</strong></span> <span class='ocrx_word' id='word_1_19' title='bbox 959 633 1108 712; x_wconf 73' lang='grc' dir='ltr'><em>διδόντος,</em></span> <span class='ocrx_word' id='word_1_20' title='bbox 1128 635 1248 724; x_wconf 74' lang='grc' dir='ltr'><strong><em>δόντος,</em></strong></span> <span class='ocrx_word' id='word_1_21' title='bbox 1268 637 1356 717; x_wconf 67' lang='lat' dir='ltr'><strong>rviv-</strong></span> 
     </span>
     <span class='ocr_line' id='line_1_4' title="bbox 21 737 1356 836; baseline 0.006 -32"><span class='ocrx_word' id='word_1_22' title='bbox 21 739 22 826; x_wconf 52' lang='grc'><strong>1</strong></span> <span class='ocrx_word' id='word_1_23' title='bbox 164 760 234 817; x_wconf 83' lang='grc' dir='ltr'><strong><em>τις,</em></strong></span> <span class='ocrx_word' id='word_1_24' title='bbox 270 737 419 813; x_wconf 68' lang='grc' dir='ltr'><strong><em>ἑλίντοςῗ</em></strong></span> <span class='ocrx_word' id='word_1_25' title='bbox 464 739 605 836; x_wconf 79' lang='lat' dir='ltr'><strong>Memini</strong></span> <span class='ocrx_word' id='word_1_26' title='bbox 637 761 738 825; x_wconf 90' lang='lat' dir='ltr'><strong>quum</strong></span> <span class='ocrx_word' id='word_1_27' title='bbox 771 761 824 806; x_wconf 91' lang='lat' dir='ltr'><strong>me</strong></span> <span class='ocrx_word' id='word_1_28' title='bbox 859 762 896 808; x_wconf 84' lang='lat' dir='ltr'><strong>ea</strong></span> <span class='ocrx_word' id='word_1_29' title='bbox 926 741 1083 808; x_wconf 80' lang='lat' dir='ltr'><strong>scribendi</strong></span> <span class='ocrx_word' id='word_1_30' title='bbox 1114 746 1291 812; x_wconf 78' lang='lat' dir='ltr'><strong>constantia</strong></span> <span class='ocrx_word' id='word_1_31' title='bbox 1321 745 1356 812; x_wconf 90' lang='lat' dir='ltr'><strong>in</strong></span> 
     </span>
    </p>
   </div>
   <div class='ocr_carea' id='block_1_4' title="bbox 163 844 1357 2212">
    <p class='ocr_par' dir='ltr' id='par_1_4' title="bbox 163 844 1357 2212">
     <span class='ocr_line' id='line_1_5' title="bbox 165 844 1357 935; baseline 0.003 -23"><span class='ocrx_word' id='word_1_32' title='bbox 165 865 304 912; x_wconf 89' lang='lat' dir='ltr'><strong>errorem</strong></span> <span class='ocrx_word' id='word_1_33' title='bbox 334 845 506 912; x_wconf 78' lang='lat' dir='ltr'><strong>induceret.</strong></span> <span class='ocrx_word' id='word_1_34' title='bbox 538 847 573 912; x_wconf 93' lang='lat' dir='ltr'><strong>in</strong></span> <span class='ocrx_word' id='word_1_35' title='bbox 603 846 681 911; x_wconf 87' lang='grc' dir='ltr'><strong>Νοιι.</strong></span> <span class='ocrx_word' id='word_1_36' title='bbox 713 846 806 910; x_wconf 70' lang='lat' dir='ltr'><strong>heca.</strong></span> <span class='ocrx_word' id='word_1_37' title='bbox 838 867 912 935; x_wconf 87' lang='lat' dir='ltr'><strong>pag.</strong></span> <span class='ocrx_word' id='word_1_38' title='bbox 946 844 1022 913; x_wconf 81' lang='lat'><strong>576.</strong></span> <span class='ocrx_word' id='word_1_39' title='bbox 1055 849 1144 914; x_wconf 88' lang='lat' dir='ltr'><strong>etin</strong></span> <span class='ocrx_word' id='word_1_40' title='bbox 1167 850 1357 934; x_wconf 72' lang='lat' dir='ltr'><strong>Mnemosyne</strong></span> 
     </span>
     <span class='ocr_line' id='line_1_6' title="bbox 164 949 1356 1043; baseline 0.005 -25"><span class='ocrx_word' id='word_1_41' title='bbox 164 951 219 1018; x_wconf 79' lang='lat' dir='ltr'><strong>XL</strong></span> <span class='ocrx_word' id='word_1_42' title='bbox 249 950 348 1019; x_wconf 88' lang='grc'><strong>1862.</strong></span> <span class='ocrx_word' id='word_1_43' title='bbox 371 974 444 1042; x_wconf 86' lang='lat' dir='ltr'><strong>pag.</strong></span> <span class='ocrx_word' id='word_1_44' title='bbox 472 949 548 1018; x_wconf 83' lang='grc'><strong>143.</strong></span> <span class='ocrx_word' id='word_1_45' title='bbox 573 953 708 1018; x_wconf 70' lang='lat' dir='ltr'><strong>Aerem</strong></span> <span class='ocrx_word' id='word_1_46' title='bbox 731 973 784 1019; x_wconf 92' lang='lat' dir='ltr'><strong>eos</strong></span> <span class='ocrx_word' id='word_1_47' title='bbox 807 973 874 1020; x_wconf 90' lang='lat' dir='ltr'><strong>esse</strong></span> <span class='ocrx_word' id='word_1_48' title='bbox 897 953 1138 1043; x_wconf 79' lang='lat' dir='ltr'>intelligebam,</span> <span class='ocrx_word' id='word_1_49' title='bbox 1162 956 1217 1022; x_wconf 89' lang='lat' dir='ltr'><strong>sed</strong></span> <span class='ocrx_word' id='word_1_50' title='bbox 1236 955 1356 1024; x_wconf 84' lang='lat' dir='ltr'><strong>formae</strong></span> 
     </span>
     <span class='ocr_line' id='line_1_7' title="bbox 163 1058 1357 1146; baseline 0.006 -22"><span class='ocrx_word' id='word_1_51' title='bbox 163 1059 199 1124; x_wconf 94' lang='lat' dir='ltr'><strong>in</strong></span> <span class='ocrx_word' id='word_1_52' title='bbox 230 1062 365 1130; x_wconf 81' lang='grc' dir='ltr'><strong><em>-οῢντος</em></strong></span> <span class='ocrx_word' id='word_1_53' title='bbox 395 1063 546 1126; x_wconf 78' lang='lat' dir='ltr'><strong>exemtus</strong></span> <span class='ocrx_word' id='word_1_54' title='bbox 568 1058 652 1124; x_wconf 89' lang='lat' dir='ltr'><strong>mihi</strong></span> <span class='ocrx_word' id='word_1_55' title='bbox 673 1064 826 1146; x_wconf 90' lang='lat' dir='ltr'><strong>perpetuo</strong></span> <span class='ocrx_word' id='word_1_56' title='bbox 850 1062 996 1126; x_wconf 88' lang='lat' dir='ltr'><strong>omnium</strong></span> <span class='ocrx_word' id='word_1_57' title='bbox 1019 1082 1080 1127; x_wconf 90' lang='lat' dir='ltr'><strong>usu</strong></span> <span class='ocrx_word' id='word_1_58' title='bbox 1098 1063 1177 1128; x_wconf 86' lang='lat' dir='ltr'><strong>sutis</strong></span> <span class='ocrx_word' id='word_1_59' title='bbox 1195 1064 1357 1132; x_wconf 77' lang='lat' dir='ltr'><strong>stabilitae</strong></span> 
     </span>
     <span class='ocr_line' id='line_1_8' title="bbox 164 1163 1356 1252; baseline 0.005 -20"><span class='ocrx_word' id='word_1_60' title='bbox 164 1185 231 1232; x_wconf 87' lang='lat' dir='ltr'><strong>esse</strong></span> <span class='ocrx_word' id='word_1_61' title='bbox 261 1165 462 1233; x_wconf 80' lang='lat' dir='ltr'><strong>ridebantur.</strong></span> <span class='ocrx_word' id='word_1_62' title='bbox 508 1163 603 1232; x_wconf 82' lang='lat' dir='ltr'><strong>Nune</strong></span> <span class='ocrx_word' id='word_1_63' title='bbox 627 1169 798 1252; x_wconf 89' lang='lat' dir='ltr'><strong>postquam</strong></span> <span class='ocrx_word' id='word_1_64' title='bbox 820 1169 994 1234; x_wconf 78' lang='lat' dir='ltr'><strong>sexcenties</strong></span> <span class='ocrx_word' id='word_1_65' title='bbox 1018 1165 1180 1234; x_wconf 86' lang='lat' dir='ltr'><strong>lulianum</strong></span> <span class='ocrx_word' id='word_1_66' title='bbox 1204 1169 1356 1238; x_wconf 77' lang='grc' dir='ltr'><strong>011ιὶ110-</strong></span> 
     </span>
     <span class='ocr_line' id='line_1_9' title="bbox 163 1271 1356 1361; baseline 0.004 -23"><span class='ocrx_word' id='word_1_67' title='bbox 163 1275 256 1338; x_wconf 82' lang='lat' dir='ltr'><strong>nium</strong></span> <span class='ocrx_word' id='word_1_68' title='bbox 278 1278 311 1338; x_wconf 91' lang='lat' dir='ltr'><strong>et</strong></span> <span class='ocrx_word' id='word_1_69' title='bbox 334 1271 414 1339; x_wconf 87' lang='lat' dir='ltr'><strong>ulios</strong></span> <span class='ocrx_word' id='word_1_70' title='bbox 434 1272 574 1352; x_wconf 77' lang='grc' dir='ltr'><strong>βιοῦντες</strong></span> <span class='ocrx_word' id='word_1_71' title='bbox 597 1291 654 1359; x_wconf 90' lang='grc'><strong>010</strong></span> <span class='ocrx_word' id='word_1_72' title='bbox 674 1273 782 1354; x_wconf 80' lang='grc' dir='ltr'><strong><em>ζῶντες</em></strong></span> <span class='ocrx_word' id='word_1_73' title='bbox 805 1273 915 1340; x_wconf 84' lang='lat' dir='ltr'><strong>audivi</strong></span> <span class='ocrx_word' id='word_1_74' title='bbox 934 1274 1088 1360; x_wconf 86' lang='lat' dir='ltr'><strong>dieentes,</strong></span> <span class='ocrx_word' id='word_1_75' title='bbox 1109 1277 1254 1361; x_wconf 85' lang='lat' dir='ltr'><strong>perspexi</strong></span> <span class='ocrx_word' id='word_1_76' title='bbox 1271 1275 1356 1344; x_wconf 87' lang='lat' dir='ltr'><strong>uude</strong></span> 
     </span>
     <span class='ocr_line' id='line_1_10' title="bbox 164 1377 1354 1467; baseline 0.003 -22"><span class='ocrx_word' id='word_1_77' title='bbox 164 1379 295 1446; x_wconf 81' lang='lat' dir='ltr'><strong>tandem</strong></span> <span class='ocrx_word' id='word_1_78' title='bbox 325 1377 401 1444; x_wconf 85' lang='lat' dir='ltr'><strong>libri</strong></span> <span class='ocrx_word' id='word_1_79' title='bbox 430 1383 577 1447; x_wconf 87' lang='lat' dir='ltr'><strong>veterum</strong></span> <span class='ocrx_word' id='word_1_80' title='bbox 606 1378 666 1445; x_wconf 87' lang='lat' dir='ltr'><strong>hue</strong></span> <span class='ocrx_word' id='word_1_81' title='bbox 693 1384 779 1446; x_wconf 86' lang='lat' dir='ltr'><strong>eerta</strong></span> <span class='ocrx_word' id='word_1_82' title='bbox 802 1384 835 1445; x_wconf 92' lang='lat' dir='ltr'><strong>et</strong></span> <span class='ocrx_word' id='word_1_83' title='bbox 856 1384 1010 1467; x_wconf 85' lang='lat' dir='ltr'><strong>perpetue</strong></span> <span class='ocrx_word' id='word_1_84' title='bbox 1030 1378 1102 1446; x_wconf 85' lang='lat' dir='ltr'><strong>lube</strong></span> <span class='ocrx_word' id='word_1_85' title='bbox 1128 1381 1193 1446; x_wconf 89' lang='lat' dir='ltr'><strong>sint</strong></span> <span class='ocrx_word' id='word_1_86' title='bbox 1215 1402 1354 1449; x_wconf 83' lang='lat' dir='ltr'><strong>comma·</strong></span> 
     </span>
     <span class='ocr_line' id='line_1_11' title="bbox 164 1483 1353 1576; baseline 0.004 -25"><span class='ocrx_word' id='word_1_87' title='bbox 164 1484 273 1552; x_wconf 85' lang='lat' dir='ltr'><strong>euluti.</strong></span> <span class='ocrx_word' id='word_1_88' title='bbox 310 1484 422 1572; x_wconf 84' lang='lat' dir='ltr'><strong>Itaque</strong></span> <span class='ocrx_word' id='word_1_89' title='bbox 444 1490 482 1551; x_wconf 92' lang='lat' dir='ltr'><strong>ut</strong></span> <span class='ocrx_word' id='word_1_90' title='bbox 506 1485 591 1572; x_wconf 88' lang='lat' dir='ltr'><strong>apud</strong></span> <span class='ocrx_word' id='word_1_91' title='bbox 612 1483 783 1552; x_wconf 75' lang='lat' dir='ltr'><strong>Plutonem</strong></span> <span class='ocrx_word' id='word_1_92' title='bbox 804 1488 838 1552; x_wconf 88' lang='lat' dir='ltr'><strong>in</strong></span> <span class='ocrx_word' id='word_1_93' title='bbox 861 1487 979 1572; x_wconf 76' lang='lat' dir='ltr'><strong>Hippia</strong></span> <span class='ocrx_word' id='word_1_94' title='bbox 1000 1486 1112 1552; x_wconf 79' lang='lat' dir='ltr'><strong>meiere</strong></span> <span class='ocrx_word' id='word_1_95' title='bbox 1132 1506 1206 1576; x_wconf 87' lang='lat' dir='ltr'><strong>pag.</strong></span> <span class='ocrx_word' id='word_1_96' title='bbox 1228 1486 1304 1556; x_wconf 88' lang='grc'><strong>281.</strong></span> <span class='ocrx_word' id='word_1_97' title='bbox 1321 1507 1353 1556; x_wconf 83' lang='lat' dir='ltr'><strong>o.</strong></span> 
     </span>
     <span class='ocr_line' id='line_1_12' title="bbox 164 1590 1354 1682; baseline 0.004 -24"><span class='ocrx_word' id='word_1_98' title='bbox 164 1593 189 1658; x_wconf 77' lang='grc' dir='ltr'><strong>εἰ</strong></span> <span class='ocrx_word' id='word_1_99' title='bbox 213 1597 265 1658; x_wconf 83' lang='grc' dir='ltr'><strong>νῦν</strong></span> <span class='ocrx_word' id='word_1_100' title='bbox 288 1594 363 1670; x_wconf 70' lang='grc' dir='ltr'><strong>ἡμῖν</strong></span> <span class='ocrx_word' id='word_1_101' title='bbox 385 1592 399 1656; x_wconf 79' lang='grc' dir='ltr'><strong><em>ὅ</em></strong></span> <span class='ocrx_word' id='word_1_102' title='bbox 423 1592 497 1666; x_wconf 86' lang='grc' dir='ltr'><strong><em>Βίας</em></strong></span> <span class='ocrx_word' id='word_1_103' title='bbox 522 1590 662 1674; x_wconf 72' lang='grc' dir='ltr'><strong><em>οίναβιῷη</em></strong></span> <span class='ocrx_word' id='word_1_104' title='bbox 687 1592 922 1660; x_wconf 77' lang='lat' dir='ltr'><strong>emendandum</strong></span> <span class='ocrx_word' id='word_1_105' title='bbox 945 1597 992 1660; x_wconf 84' lang='lat' dir='ltr'><strong>est</strong></span> <span class='ocrx_word' id='word_1_106' title='bbox 1014 1592 1176 1677; x_wconf 72' lang='grc' dir='ltr'><strong><em>ἀναβιοίη,</em></strong></span> <span class='ocrx_word' id='word_1_107' title='bbox 1201 1595 1354 1682; x_wconf 80' lang='grc'><strong>0101101111</strong></span> 
     </span>
     <span class='ocr_line' id='line_1_13' title="bbox 163 1695 1353 1787; baseline 0.003 -22"><span class='ocrx_word' id='word_1_108' title='bbox 163 1697 413 1766; x_wconf 86' lang='lat' dir='ltr'><strong>Demosthenem</strong></span> <span class='ocrx_word' id='word_1_109' title='bbox 445 1719 520 1787; x_wconf 74' lang='lat' dir='ltr'><strong>pag.</strong></span> <span class='ocrx_word' id='word_1_110' title='bbox 549 1695 647 1765; x_wconf 83' lang='grc'><strong>1033.</strong></span> <span class='ocrx_word' id='word_1_111' title='bbox 674 1697 726 1766; x_wconf 91' lang='grc'><strong>16.</strong></span> <span class='ocrx_word' id='word_1_112' title='bbox 763 1699 1027 1777; x_wconf 78' lang='grc' dir='ltr'><strong><em>ἒπιβιοῦντος</em></strong></span> <span class='ocrx_word' id='word_1_113' title='bbox 1062 1700 1147 1778; x_wconf 71' lang='grc' dir='ltr'><strong><em>μετὰ</em></strong></span> <span class='ocrx_word' id='word_1_114' title='bbox 1169 1705 1277 1768; x_wconf 81' lang='grc' dir='ltr'><strong><em>ταῦτα</em></strong></span> <span class='ocrx_word' id='word_1_115' title='bbox 1299 1707 1353 1768; x_wconf 82' lang='grc' dir='ltr'><strong>τοῦ</strong></span> 
     </span>
     <span class='ocr_line' id='line_1_14' title="bbox 163 1803 1353 1893; baseline 0.003 -21"><span class='ocrx_word' id='word_1_116' title='bbox 163 1803 359 1872; x_wconf 78' lang='grc' dir='ltr'><strong><em>Πολυεύκτου</em></strong></span> <span class='ocrx_word' id='word_1_117' title='bbox 394 1813 485 1872; x_wconf 84' lang='grc' dir='ltr'><strong><em>πλεῖν</em></strong></span> <span class='ocrx_word' id='word_1_118' title='bbox 520 1804 537 1883; x_wconf 74' lang='lat' dir='ltr'><strong>p</strong></span> <span class='ocrx_word' id='word_1_119' title='bbox 575 1803 657 1871; x_wconf 73' lang='grc' dir='ltr'><strong><em>πένθ’</em></strong></span> <span class='ocrx_word' id='word_1_120' title='bbox 692 1804 820 1886; x_wconf 71' lang='grc' dir='ltr'><strong><em>ἡμέρας.</em></strong></span> <span class='ocrx_word' id='word_1_121' title='bbox 856 1809 889 1871; x_wconf 88' lang='grc'><strong>01</strong></span> <span class='ocrx_word' id='word_1_122' title='bbox 918 1825 992 1893; x_wconf 79' lang='lat' dir='ltr'><strong>pog.</strong></span> <span class='ocrx_word' id='word_1_123' title='bbox 1020 1803 1118 1872; x_wconf 88' lang='grc'><strong>1034.</strong></span> <span class='ocrx_word' id='word_1_124' title='bbox 1145 1805 1175 1872; x_wconf 88' lang='grc'><strong>3.</strong></span> <span class='ocrx_word' id='word_1_125' title='bbox 1205 1810 1279 1890; x_wconf 77' lang='grc' dir='ltr'><strong><em>πρὸς</em></strong></span> <span class='ocrx_word' id='word_1_126' title='bbox 1302 1811 1353 1877; x_wconf 81' lang='grc' dir='ltr'><strong>τὸν</strong></span> 
     </span>
     <span class='ocr_line' id='line_1_15' title="bbox 163 1910 1351 1999; baseline 0.003 -20"><span class='ocrx_word' id='word_1_127' title='bbox 163 1911 356 1979; x_wconf 76' lang='grc' dir='ltr'><strong><em>Πολύευκτον</em></strong></span> <span class='ocrx_word' id='word_1_128' title='bbox 379 1910 627 1989; x_wconf 76' lang='grc' dir='ltr'><strong><em>ἓπιβιαῦντα</em></strong></span> <span class='ocrx_word' id='word_1_129' title='bbox 651 1910 809 1986; x_wconf 71' lang='grc' dir='ltr'><strong><em>τοσούτοις</em></strong></span> <span class='ocrx_word' id='word_1_130' title='bbox 834 1912 949 1993; x_wconf 76' lang='grc' dir='ltr'><strong><em>ἡμέρας</em></strong></span> <span class='ocrx_word' id='word_1_131' title='bbox 971 1932 1160 1999; x_wconf 86' lang='lat' dir='ltr'><strong>reponemus</strong></span> <span class='ocrx_word' id='word_1_132' title='bbox 1180 1913 1351 1993; x_wconf 72' lang='grc' dir='ltr'><strong><em>ἐπιβιόντος</em></strong></span> 
     </span>
     <span class='ocr_line' id='line_1_16' title="bbox 164 2015 1352 2106; baseline 0.002 -21"><span class='ocrx_word' id='word_1_133' title='bbox 164 2025 195 2085; x_wconf 83' lang='grc'><strong>01</strong></span> <span class='ocrx_word' id='word_1_134' title='bbox 225 2017 409 2098; x_wconf 73' lang='grc' dir='ltr'><strong><em>ἐπιβιόντα,</em></strong></span> <span class='ocrx_word' id='word_1_135' title='bbox 441 2023 473 2085; x_wconf 82' lang='grc'><strong>01</strong></span> <span class='ocrx_word' id='word_1_136' title='bbox 505 2019 697 2106; x_wconf 79' lang='lat' dir='ltr'><strong>patefactam</strong></span> <span class='ocrx_word' id='word_1_137' title='bbox 724 2017 823 2084; x_wconf 87' lang='lat' dir='ltr'><strong>semel</strong></span> <span class='ocrx_word' id='word_1_138' title='bbox 849 2017 930 2085; x_wconf 85' lang='lat' dir='ltr'><strong>hane</strong></span> <span class='ocrx_word' id='word_1_139' title='bbox 954 2015 1185 2086; x_wconf 77' lang='lat' dir='ltr'><strong>Graeculorum</strong></span> <span class='ocrx_word' id='word_1_140' title='bbox 1207 2020 1352 2088; x_wconf 79' lang='lat' dir='ltr'><strong>fraudem</strong></span> 
     </span>
     <span class='ocr_line' id='line_1_17' title="bbox 163 2123 1055 2212; baseline 0 -20"><span class='ocrx_word' id='word_1_141' title='bbox 163 2124 274 2192; x_wconf 88' lang='lat' dir='ltr'><strong>sedulo</strong></span> <span class='ocrx_word' id='word_1_142' title='bbox 296 2127 438 2212; x_wconf 88' lang='lat' dir='ltr'><strong>undique</strong></span> <span class='ocrx_word' id='word_1_143' title='bbox 462 2145 501 2190; x_wconf 90' lang='lat' dir='ltr'><strong>ex</strong></span> <span class='ocrx_word' id='word_1_144' title='bbox 522 2123 676 2192; x_wconf 85' lang='lat' dir='ltr'><strong>Veterum</strong></span> <span class='ocrx_word' id='word_1_145' title='bbox 699 2126 825 2210; x_wconf 86' lang='lat' dir='ltr'><strong>seriptis</strong></span> <span class='ocrx_word' id='word_1_146' title='bbox 848 2123 1055 2212; x_wconf 86' lang='lat' dir='ltr'><strong>expellemus.</strong></span> 
     </span>
    </p>
   </div>
   <div class='ocr_carea' id='block_1_5' title="bbox 161 2332 1359 2744">
    <p class='ocr_par' dir='ltr' id='par_1_5' title="bbox 161 2332 1359 2744">
     <span class='ocr_line' id='line_1_18' title="bbox 206 2332 1352 2424; baseline 0.003 -24"><span class='ocrx_word' id='word_1_147' title='bbox 206 2335 289 2424; x_wconf 77' lang='lat' dir='ltr'><strong>Peg.</strong></span> <span class='ocrx_word' id='word_1_148' title='bbox 321 2333 376 2401; x_wconf 87' lang='grc'><strong>24.</strong></span> <span class='ocrx_word' id='word_1_149' title='bbox 408 2332 465 2401; x_wconf 91' lang='grc'><strong>24.</strong></span> <span class='ocrx_word' id='word_1_150' title='bbox 496 2340 592 2400; x_wconf 80' lang='grc' dir='ltr'><strong><em>πονῶν</em></strong></span> <span class='ocrx_word' id='word_1_151' title='bbox 623 2332 732 2408; x_wconf 79' lang='grc' dir='ltr'><strong><em>ἐκεῖνος</em></strong></span> <span class='ocrx_word' id='word_1_152' title='bbox 764 2333 860 2407; x_wconf 70' lang='grc' dir='ltr'><strong><em>αὐτὸς</em></strong></span> <span class='ocrx_word' id='word_1_153' title='bbox 889 2333 942 2400; x_wconf 78' lang='grc' dir='ltr'><strong><em>καὶ</em></strong></span> <span class='ocrx_word' id='word_1_154' title='bbox 972 2334 1073 2416; x_wconf 73' lang='grc' dir='ltr'><strong><em>παρὼν</em></strong></span> <span class='ocrx_word' id='word_1_155' title='bbox 1097 2334 1151 2418; x_wconf 75' lang='grc' dir='ltr'><strong>ἐφ’</strong></span> <span class='ocrx_word' id='word_1_156' title='bbox 1173 2333 1274 2403; x_wconf 72' lang='grc' dir='ltr'><strong><em>ἅπασι</em></strong></span> <span class='ocrx_word' id='word_1_157' title='bbox 1298 2338 1352 2403; x_wconf 75' lang='grc' dir='ltr'><strong><em>καὶ</em></strong></span> 
     </span>
     <span class='ocr_line' id='line_1_19' title="bbox 162 2437 1353 2528; baseline 0.003 -21"><span class='ocrx_word' id='word_1_158' title='bbox 162 2439 282 2522; x_wconf 70' lang='grc' dir='ltr'><strong><em>μηδένα</em></strong></span> <span class='ocrx_word' id='word_1_159' title='bbox 305 2439 407 2520; x_wconf 79' lang='grc' dir='ltr'><strong><em>καιρὸν</em></strong></span> <span class='ocrx_word' id='word_1_160' title='bbox 428 2440 501 2520; x_wconf 73' lang='grc' dir='ltr'><strong>μηδ’</strong></span> <span class='ocrx_word' id='word_1_161' title='bbox 524 2437 602 2522; x_wconf 71' lang='grc' dir='ltr'><strong><em>ὥραν</em></strong></span> <span class='ocrx_word' id='word_1_162' title='bbox 622 2440 835 2521; x_wconf 82' lang='grc' dir='ltr'><strong><em>παραλείπειν.</em></strong></span> <span class='ocrx_word' id='word_1_163' title='bbox 876 2439 1025 2528; x_wconf 79' lang='lat' dir='ltr'><strong>Suspicor</strong></span> <span class='ocrx_word' id='word_1_164' title='bbox 1043 2443 1250 2528; x_wconf 79' lang='lat' dir='ltr'><strong>perticipium</strong></span> <span class='ocrx_word' id='word_1_165' title='bbox 1270 2446 1353 2510; x_wconf 88' lang='lat' dir='ltr'><strong>exsi-</strong></span> 
     </span>
     <span class='ocr_line' id='line_1_20' title="bbox 162 2545 1352 2631; baseline 0.002 -16"><span class='ocrx_word' id='word_1_166' title='bbox 162 2549 245 2615; x_wconf 75' lang='grc'><strong>111000</strong></span> <span class='ocrx_word' id='word_1_167' title='bbox 269 2549 370 2614; x_wconf 84' lang='lat' dir='ltr'><strong>etsie</strong></span> <span class='ocrx_word' id='word_1_168' title='bbox 393 2567 459 2614; x_wconf 83' lang='lat' dir='ltr'><strong>esse</strong></span> <span class='ocrx_word' id='word_1_169' title='bbox 482 2547 701 2614; x_wconf 77' lang='lat' dir='ltr'><strong>scribendum:</strong></span> <span class='ocrx_word' id='word_1_170' title='bbox 725 2545 843 2626; x_wconf 68' lang='grc' dir='ltr'><strong><em>μηδένα</em></strong></span> <span class='ocrx_word' id='word_1_171' title='bbox 867 2547 968 2628; x_wconf 71' lang='grc' dir='ltr'><strong><em>καιρὸν</em></strong></span> <span class='ocrx_word' id='word_1_172' title='bbox 990 2556 1158 2615; x_wconf 78' lang='lat' dir='ltr'><strong>nnrlerc</strong></span> <span class='ocrx_word' id='word_1_173' title='bbox 1180 2549 1253 2629; x_wconf 76' lang='grc' dir='ltr'><strong>μηδ’</strong></span> <span class='ocrx_word' id='word_1_174' title='bbox 1276 2547 1352 2631; x_wconf 72' lang='grc' dir='ltr'><strong><em>ὤραν</em></strong></span> 
     </span>
     <span class='ocr_line' id='line_1_21' title="bbox 161 2649 1359 2744; baseline 0.002 -24"><span class='ocrx_word' id='word_1_175' title='bbox 161 2654 376 2737; x_wconf 78' lang='grc' dir='ltr'><strong><em>παραλείπων.</em></strong></span> <span class='ocrx_word' id='word_1_176' title='bbox 430 2649 557 2744; x_wconf 76' lang='lat' dir='ltr'><strong>Collige</strong></span> <span class='ocrx_word' id='word_1_177' title='bbox 587 2654 622 2721; x_wconf 87' lang='lat' dir='ltr'><strong>id</strong></span> <span class='ocrx_word' id='word_1_178' title='bbox 652 2675 692 2720; x_wconf 89' lang='lat' dir='ltr'><strong>ex</strong></span> <span class='ocrx_word' id='word_1_179' title='bbox 719 2655 761 2719; x_wconf 90' lang='lat' dir='ltr'><strong>iis</strong></span> <span class='ocrx_word' id='word_1_180' title='bbox 790 2674 870 2740; x_wconf 90' lang='lat' dir='ltr'><strong>quae</strong></span> <span class='ocrx_word' id='word_1_181' title='bbox 899 2655 1055 2740; x_wconf 88' lang='lat' dir='ltr'><strong>impostor</strong></span> <span class='ocrx_word' id='word_1_182' title='bbox 1081 2674 1155 2742; x_wconf 83' lang='lat' dir='ltr'><strong>pag.</strong></span> <span class='ocrx_word' id='word_1_183' title='bbox 1190 2652 1265 2721; x_wconf 82' lang='grc'><strong>156.</strong></span> <span class='ocrx_word' id='word_1_184' title='bbox 1296 2655 1359 2725; x_wconf 74' lang='grc'><strong>26.</strong></span> 
     </span>
    </p>
   </div>
   <div class='ocr_carea' id='block_1_6' title="bbox 160 2757 1351 3275">
    <p class='ocr_par' dir='ltr' id='par_1_6' title="bbox 160 2757 1351 3275">
     <span class='ocr_line' id='line_1_22' title="bbox 160 2757 1350 2858; baseline -0.001 -30"><span class='ocrx_word' id='word_1_185' title='bbox 160 2766 269 2849; x_wconf 82' lang='lat' dir='ltr'><strong>aperte</strong></span> <span class='ocrx_word' id='word_1_186' title='bbox 292 2782 333 2828; x_wconf 85' lang='lat' dir='ltr'><strong>ex</strong></span> <span class='ocrx_word' id='word_1_187' title='bbox 353 2760 414 2827; x_wconf 90' lang='lat' dir='ltr'><strong>hoo</strong></span> <span class='ocrx_word' id='word_1_188' title='bbox 435 2759 505 2828; x_wconf 88' lang='lat' dir='ltr'><strong>loeo</strong></span> <span class='ocrx_word' id='word_1_189' title='bbox 529 2761 663 2826; x_wconf 86' lang='lat' dir='ltr'><strong>sumsit:</strong></span> <span class='ocrx_word' id='word_1_190' title='bbox 687 2759 758 2827; x_wconf 81' lang='grc' dir='ltr'><strong><em>οὕτε</em></strong></span> <span class='ocrx_word' id='word_1_191' title='bbox 777 2760 878 2858; x_wconf 78' lang='grc' dir='ltr'><strong><em>καιρὸν</em></strong></span> <span class='ocrx_word' id='word_1_192' title='bbox 901 2760 1051 2842; x_wconf 73' lang='grc' dir='ltr'><strong><em>παριεὶς</em></strong></span> <span class='ocrx_word' id='word_1_193' title='bbox 1077 2758 1146 2825; x_wconf 78' lang='grc' dir='ltr'><strong><em>οὔτε</em></strong></span> <span class='ocrx_word' id='word_1_194' title='bbox 1169 2757 1245 2842; x_wconf 73' lang='lat' dir='ltr'><strong>elpes</strong></span> <span class='ocrx_word' id='word_1_195' title='bbox 1265 2760 1350 2835; x_wconf 81' lang='grc' dir='ltr'><strong><em>ἔπους</em></strong></span> 
     </span>
     <span class='ocr_line' id='line_1_23' title="bbox 161 2863 1350 2954; baseline 0.001 -20"><span class='ocrx_word' id='word_1_196' title='bbox 161 2867 363 2949; x_wconf 74' lang='grc' dir='ltr'><strong><em>παραλείπων</em></strong></span> <span class='ocrx_word' id='word_1_197' title='bbox 395 2865 550 2946; x_wconf 76' lang='grc' dir='ltr'><strong><em>οὐδεμίαν,</em></strong></span> <span class='ocrx_word' id='word_1_198' title='bbox 596 2866 727 2954; x_wconf 89' lang='lat' dir='ltr'><strong>Proprie</strong></span> <span class='ocrx_word' id='word_1_199' title='bbox 751 2865 870 2932; x_wconf 84' lang='lat' dir='ltr'><strong>dieitur</strong></span> <span class='ocrx_word' id='word_1_200' title='bbox 892 2866 1032 2949; x_wconf 77' lang='grc' dir='ltr'><strong><em>παριέναι</em></strong></span> <span class='ocrx_word' id='word_1_201' title='bbox 1056 2863 1178 2947; x_wconf 75' lang='grc' dir='ltr'><strong><em>καιρόν,</em></strong></span> <span class='ocrx_word' id='word_1_202' title='bbox 1202 2886 1266 2934; x_wconf 90' lang='lat' dir='ltr'><strong>non</strong></span> <span class='ocrx_word' id='word_1_203' title='bbox 1289 2893 1350 2935; x_wconf 88' lang='grc' dir='ltr'><strong><em>πα·</em></strong></span> 
     </span>
     <span class='ocr_line' id='line_1_24' title="bbox 160 2969 1350 3065; baseline 0.002 -25"><span class='ocrx_word' id='word_1_204' title='bbox 160 2974 337 3056; x_wconf 75' lang='grc' dir='ltr'><strong><em>ραλείπειν,</em></strong></span> <span class='ocrx_word' id='word_1_205' title='bbox 363 2977 401 3038; x_wconf 87' lang='grc'><strong>111</strong></span> <span class='ocrx_word' id='word_1_206' title='bbox 423 2993 496 3062; x_wconf 81' lang='lat' dir='ltr'><strong>pag.</strong></span> <span class='ocrx_word' id='word_1_207' title='bbox 523 2970 577 3040; x_wconf 88' lang='grc'><strong>98.</strong></span> <span class='ocrx_word' id='word_1_208' title='bbox 602 2970 657 3040; x_wconf 89' lang='grc'><strong>16.</strong></span> <span class='ocrx_word' id='word_1_209' title='bbox 675 2969 713 3038; x_wconf 78' lang='grc' dir='ltr'><strong>ὧν</strong></span> <span class='ocrx_word' id='word_1_210' title='bbox 733 2973 794 3038; x_wconf 79' lang='grc' dir='ltr'><strong><em>νυνὶ</em></strong></span> <span class='ocrx_word' id='word_1_211' title='bbox 820 2971 1051 3052; x_wconf 79' lang='grc' dir='ltr'><strong><em>παρείκατε</em></strong></span> <span class='ocrx_word' id='word_1_212' title='bbox 1074 2977 1197 3052; x_wconf 77' lang='grc' dir='ltr'><strong><em>καιρῶν.</em></strong></span> <span class='ocrx_word' id='word_1_213' title='bbox 1222 2978 1256 3040; x_wconf 85' lang='lat' dir='ltr'><strong>et</strong></span> <span class='ocrx_word' id='word_1_214' title='bbox 1274 2995 1350 3065; x_wconf 84' lang='lat' dir='ltr'><strong>psg.</strong></span> 
     </span>
     <span class='ocr_line' id='line_1_25' title="bbox 162 3076 1351 3160; baseline -0.001 -13"><span class='ocrx_word' id='word_1_215' title='bbox 162 3079 239 3148; x_wconf 91' lang='grc'><strong>326.</strong></span> <span class='ocrx_word' id='word_1_216' title='bbox 264 3078 320 3146; x_wconf 85' lang='grc'><strong>24.</strong></span> <span class='ocrx_word' id='word_1_217' title='bbox 343 3078 396 3144; x_wconf 82' lang='grc' dir='ltr'><strong>τίν</strong></span> <span class='ocrx_word' id='word_1_218' title='bbox 417 3076 530 3148; x_wconf 61' lang='lat' dir='ltr'><strong>{adrev</strong></span> <span class='ocrx_word' id='word_1_219' title='bbox 555 3078 656 3159; x_wconf 72' lang='lat' dir='ltr'><strong>sarpis</strong></span> <span class='ocrx_word' id='word_1_220' title='bbox 679 3079 712 3144; x_wconf 82' lang='grc' dir='ltr'><strong>οὐ</strong></span> <span class='ocrx_word' id='word_1_221' title='bbox 735 3076 965 3160; x_wconf 74' lang='grc' dir='ltr'><strong><em>παρείὲντα</em></strong></span> <span class='ocrx_word' id='word_1_222' title='bbox 990 3079 1076 3144; x_wconf 82' lang='grc' dir='ltr'><strong>-ὑπ’</strong></span> <span class='ocrx_word' id='word_1_223' title='bbox 1100 3078 1193 3157; x_wconf 69' lang='grc' dir='ltr'><strong><em>ἐμοῦ,</em></strong></span> <span class='ocrx_word' id='word_1_224' title='bbox 1218 3084 1250 3145; x_wconf 83' lang='grc'><strong>01</strong></span> <span class='ocrx_word' id='word_1_225' title='bbox 1273 3081 1351 3148; x_wconf 84' lang='lat' dir='ltr'><strong>alibi</strong></span> 
     </span>
     <span class='ocr_line' id='line_1_26' title="bbox 161 3207 299 3275; baseline -0.007 -20"><span class='ocrx_word' id='word_1_226' title='bbox 161 3207 299 3275; x_wconf 74' lang='lat' dir='ltr'><strong>saepius.</strong></span> 
     </span>
    </p>
   </div>
   <div class='ocr_carea' id='block_1_7' title="bbox 152 3391 1353 3890">
    <p class='ocr_par' dir='ltr' id='par_1_7' title="bbox 152 3391 1353 3890">
     <span class='ocr_line' id='line_1_27' title="bbox 204 3391 1352 3486; baseline 0.002 -22"><span class='ocrx_word' id='word_1_227' title='bbox 204 3397 286 3486; x_wconf 86' lang='lat' dir='ltr'><strong>Peg.</strong></span> <span class='ocrx_word' id='word_1_228' title='bbox 322 3392 378 3461; x_wconf 81' lang='lat'><strong>25.</strong></span> <span class='ocrx_word' id='word_1_229' title='bbox 414 3391 446 3460; x_wconf 87' lang='lat'><strong>3.</strong></span> <span class='ocrx_word' id='word_1_230' title='bbox 481 3391 735 3472; x_wconf 71' lang='grc' dir='ltr'><strong><em>Λακεδαιμονίοις</em></strong></span> <span class='ocrx_word' id='word_1_231' title='bbox 769 3392 828 3474; x_wconf 74' lang='grc' dir='ltr'><strong>μὲν</strong></span> <span class='ocrx_word' id='word_1_232' title='bbox 862 3417 936 3460; x_wconf 85' lang='grc' dir='ltr'><strong><em>ποτε</em></strong></span> <span class='ocrx_word' id='word_1_233' title='bbox 973 3392 1045 3475; x_wconf 74' lang='grc' dir='ltr'><strong>ὑπὲρ</strong></span> <span class='ocrx_word' id='word_1_234' title='bbox 1077 3399 1136 3460; x_wconf 77' lang='grc' dir='ltr'><strong>τῶν</strong></span> <span class='ocrx_word' id='word_1_235' title='bbox 1167 3397 1352 3473; x_wconf 74' lang='grc' dir='ltr'><strong><em>Ἑλληνικῶν</em></strong></span> 
     </span>
     <span class='ocr_line' id='line_1_28' title="bbox 160 3498 1350 3581; baseline -0.001 -10"><span class='ocrx_word' id='word_1_236' title='bbox 160 3503 284 3571; x_wconf 71' lang='grc' dir='ltr'><strong><em>δικαίων</em></strong></span> <span class='ocrx_word' id='word_1_237' title='bbox 314 3501 481 3581; x_wconf 64' lang='lat' dir='ltr'><strong>insipere.</strong></span> <span class='ocrx_word' id='word_1_238' title='bbox 530 3498 630 3567; x_wconf 90' lang='lat' dir='ltr'><strong>Plane</strong></span> <span class='ocrx_word' id='word_1_239' title='bbox 660 3502 814 3567; x_wconf 90' lang='lat' dir='ltr'><strong>assentior</strong></span> <span class='ocrx_word' id='word_1_240' title='bbox 841 3500 985 3567; x_wconf 87' lang='lat' dir='ltr'><strong>Debraeo</strong></span> <span class='ocrx_word' id='word_1_241' title='bbox 1012 3500 1052 3567; x_wconf 86' lang='lat' dir='ltr'><strong>ud</strong></span> <span class='ocrx_word' id='word_1_242' title='bbox 1075 3501 1108 3568; x_wconf 93' lang='lat' dir='ltr'><strong>h.</strong></span> <span class='ocrx_word' id='word_1_243' title='bbox 1122 3500 1145 3567; x_wconf 95' lang='lat' dir='ltr'><strong>l.</strong></span> <span class='ocrx_word' id='word_1_244' title='bbox 1169 3507 1350 3571; x_wconf 85' lang='lat' dir='ltr'><strong>annotanti:</strong></span> 
     </span>
     <span class='ocr_line' id='line_1_29' title="bbox 162 3607 1348 3694; baseline 0.002 -18"><span class='ocrx_word' id='word_1_245' title='bbox 162 3611 264 3693; x_wconf 69' lang='lat' dir='ltr'><strong>„trip</strong></span> <span class='ocrx_word' id='word_1_246' title='bbox 295 3614 354 3675; x_wconf 76' lang='grc' dir='ltr'><strong>τῶν</strong></span> <span class='ocrx_word' id='word_1_247' title='bbox 390 3610 575 3683; x_wconf 76' lang='grc' dir='ltr'><strong><em>Ἑλληνικῶν</em></strong></span> <span class='ocrx_word' id='word_1_248' title='bbox 606 3607 728 3673; x_wconf 77' lang='grc' dir='ltr'><strong><em>δικαίαν</em></strong></span> <span class='ocrx_word' id='word_1_249' title='bbox 750 3607 909 3694; x_wconf 77' lang='lat' dir='ltr'><strong>manifesto</strong></span> <span class='ocrx_word' id='word_1_250' title='bbox 931 3613 1005 3672; x_wconf 79' lang='lat' dir='ltr'><strong>nota</strong></span> <span class='ocrx_word' id='word_1_251' title='bbox 1027 3629 1063 3673; x_wconf 80' lang='grc' dir='ltr'><strong><em>οα</em></strong></span> <span class='ocrx_word' id='word_1_252' title='bbox 1085 3607 1168 3673; x_wconf 80' lang='lat' dir='ltr'><strong>Phil.</strong></span> <span class='ocrx_word' id='word_1_253' title='bbox 1192 3608 1217 3675; x_wconf 93' lang='lat' dir='ltr'><strong>I.</strong></span> <span class='ocrx_word' id='word_1_254' title='bbox 1234 3633 1274 3694; x_wconf 54' lang='lat' dir='ltr'><strong>p..</strong></span> <span class='ocrx_word' id='word_1_255' title='bbox 1295 3609 1348 3678; x_wconf 90' lang='grc'><strong>40.</strong></span> 
     </span>
     <span class='ocr_line' id='line_1_30' title="bbox 152 3712 1353 3804; baseline 0.001 -21"><span class='ocrx_word' id='word_1_256' title='bbox 152 3719 213 3804; x_wconf 72' lang='lat' dir='ltr'><strong>fia.</strong></span> <span class='ocrx_word' id='word_1_257' title='bbox 261 3715 559 3783; x_wconf 65' lang='grc' dir='ltr'><strong>111110111αο10</strong></span> <span class='ocrx_word' id='word_1_258' title='bbox 581 3714 735 3796; x_wconf 70' lang='lat' dir='ltr'><strong>legendum</strong></span> <span class='ocrx_word' id='word_1_259' title='bbox 759 3712 833 3794; x_wconf 74' lang='grc' dir='ltr'><strong><em>ὑπὲρ</em></strong></span> <span class='ocrx_word' id='word_1_260' title='bbox 857 3719 917 3779; x_wconf 75' lang='grc' dir='ltr'><strong>τῶν</strong></span> <span class='ocrx_word' id='word_1_261' title='bbox 939 3713 1113 3794; x_wconf 76' lang='grc' dir='ltr'><strong><em>Ἑλλήνων,</em></strong></span> <span class='ocrx_word' id='word_1_262' title='bbox 1137 3715 1182 3779; x_wconf 72' lang='lat' dir='ltr'><strong>ibt</strong></span> <span class='ocrx_word' id='word_1_263' title='bbox 1200 3714 1273 3797; x_wconf 78' lang='grc' dir='ltr'><strong><em>ὑπὲρ</em></strong></span> <span class='ocrx_word' id='word_1_264' title='bbox 1292 3723 1353 3784; x_wconf 81' lang='grc' dir='ltr'><strong>τῶν</strong></span> 
     </span>
     <span class='ocr_line' id='line_1_31' title="bbox 158 3820 317 3890; baseline -0.013 -1"><span class='ocrx_word' id='word_1_265' title='bbox 158 3820 317 3890; x_wconf 51' lang='lat' dir='ltr'><strong>tinetas?</strong></span> 
     </span>
    </p>
   </div>
   <div class='ocr_carea' id='block_1_8' title="bbox 159 4025 1351 4549">
    <p class='ocr_par' dir='ltr' id='par_1_8' title="bbox 159 4025 1351 4549">
     <span class='ocr_line' id='line_1_32' title="bbox 205 4025 1351 4122; baseline 0.003 -23"><span class='ocrx_word' id='word_1_266' title='bbox 205 4031 286 4122; x_wconf 80' lang='lat' dir='ltr'><strong>Peg.</strong></span> <span class='ocrx_word' id='word_1_267' title='bbox 311 4028 365 4099; x_wconf 82' lang='lat'><strong>37.</strong></span> <span class='ocrx_word' id='word_1_268' title='bbox 390 4030 445 4102; x_wconf 85' lang='lat'><strong>19.</strong></span> <span class='ocrx_word' id='word_1_269' title='bbox 469 4029 523 4097; x_wconf 73' lang='grc' dir='ltr'><strong>ἐοὶν</strong></span> <span class='ocrx_word' id='word_1_270' title='bbox 547 4025 595 4097; x_wconf 80' lang='grc' dir='ltr'><strong>οὖν</strong></span> <span class='ocrx_word' id='word_1_271' title='bbox 619 4029 709 4096; x_wconf 68' lang='grc' dir='ltr'><strong><em>ἀλλὰ</em></strong></span> <span class='ocrx_word' id='word_1_272' title='bbox 733 4034 783 4096; x_wconf 82' lang='grc' dir='ltr'><strong>νῦν</strong></span> <span class='ocrx_word' id='word_1_273' title='bbox 803 4031 836 4108; x_wconf 75' lang='grc' dir='ltr'><strong>γ’</strong></span> <span class='ocrx_word' id='word_1_274' title='bbox 857 4027 902 4096; x_wconf 71' lang='grc' dir='ltr'><strong>ἔτι</strong></span> <span class='ocrx_word' id='word_1_275' title='bbox 924 4065 944 4080; x_wconf 91' lang='grc'>·</span> <span class='ocrx_word' id='word_1_276' title='bbox 957 4029 1121 4107; x_wconf 73' lang='grc' dir='ltr'><strong><em>ἐθελήσητε</em></strong></span> <span class='ocrx_word' id='word_1_277' title='bbox 1139 4031 1351 4113; x_wconf 64' lang='lat' dir='ltr'><strong>sparsissem.</strong></span> 
     </span>
     <span class='ocr_line' id='line_1_33' title="bbox 159 4135 1349 4223; baseline 0.001 -14"><span class='ocrx_word' id='word_1_278' title='bbox 159 4139 290 4209; x_wconf 76' lang='lat' dir='ltr'><strong>Veteres</strong></span> <span class='ocrx_word' id='word_1_279' title='bbox 309 4137 562 4206; x_wconf 79' lang='grc' dir='ltr'><strong>1110060111ιὶλλι1</strong></span> <span class='ocrx_word' id='word_1_280' title='bbox 583 4141 634 4202; x_wconf 83' lang='grc' dir='ltr'><strong>νῦν</strong></span> <span class='ocrx_word' id='word_1_281' title='bbox 652 4139 771 4204; x_wconf 89' lang='lat' dir='ltr'><strong>omisso</strong></span> <span class='ocrx_word' id='word_1_282' title='bbox 790 4137 824 4216; x_wconf 74' lang='grc' dir='ltr'><strong>γ’</strong></span> <span class='ocrx_word' id='word_1_283' title='bbox 844 4135 890 4203; x_wconf 73' lang='grc' dir='ltr'><strong>ἔτι</strong></span> <span class='ocrx_word' id='word_1_284' title='bbox 910 4136 1137 4223; x_wconf 75' lang='lat' dir='ltr'><strong>Aristophanes</strong></span> <span class='ocrx_word' id='word_1_285' title='bbox 1149 4139 1235 4205; x_wconf 75' lang='lat' dir='ltr'><strong>Avis.</strong></span> <span class='ocrx_word' id='word_1_286' title='bbox 1251 4139 1349 4210; x_wconf 87' lang='grc'><strong>1598.</strong></span> 
     </span>
     <span class='ocr_line' id='line_1_34' title="bbox 384 4242 1078 4325; baseline -0.001 -15"><span class='ocrx_word' id='word_1_287' title='bbox 384 4244 438 4311; x_wconf 69' lang='grc' dir='ltr'><strong>ἐὰν</strong></span> <span class='ocrx_word' id='word_1_288' title='bbox 461 4244 495 4310; x_wconf 82' lang='grc' dir='ltr'><strong>τί</strong></span> <span class='ocrx_word' id='word_1_289' title='bbox 519 4243 636 4310; x_wconf 73' lang='grc' dir='ltr'><strong><em>δίκαιον</em></strong></span> <span class='ocrx_word' id='word_1_290' title='bbox 661 4243 751 4310; x_wconf 69' lang='grc' dir='ltr'><strong><em>ἀλλὰ</em></strong></span> <span class='ocrx_word' id='word_1_291' title='bbox 775 4242 1078 4325; x_wconf 63' lang='lat' dir='ltr'><strong>novellantem.</strong></span> 
     </span>
     <span class='ocr_line' id='line_1_35' title="bbox 203 4349 1186 4438; baseline -0.004 -16"><span class='ocrx_word' id='word_1_292' title='bbox 203 4355 255 4422; x_wconf 84' lang='lat' dir='ltr'><strong>An</strong></span> <span class='ocrx_word' id='word_1_293' title='bbox 277 4351 509 4421; x_wconf 87' lang='lat' dir='ltr'><strong>Demosthenes</strong></span> <span class='ocrx_word' id='word_1_294' title='bbox 534 4372 658 4438; x_wconf 90' lang='lat' dir='ltr'><strong>quoque</strong></span> <span class='ocrx_word' id='word_1_295' title='bbox 681 4351 726 4417; x_wconf 90' lang='lat' dir='ltr'><strong>sie</strong></span> <span class='ocrx_word' id='word_1_296' title='bbox 749 4349 867 4418; x_wconf 88' lang='lat' dir='ltr'><strong>dixerit</strong></span> <span class='ocrx_word' id='word_1_297' title='bbox 890 4349 1106 4438; x_wconf 86' lang='lat' dir='ltr'><strong>quaerendum</strong></span> <span class='ocrx_word' id='word_1_298' title='bbox 1129 4355 1186 4418; x_wconf 89' lang='lat' dir='ltr'><strong>est.</strong></span> 
     </span>
     <span class='ocr_line' id='line_1_36' title="bbox 205 4455 1351 4549; baseline 0.002 -21"><span class='ocrx_word' id='word_1_299' title='bbox 205 4458 302 4548; x_wconf 79' lang='lat' dir='ltr'><strong>Apud</strong></span> <span class='ocrx_word' id='word_1_300' title='bbox 329 4459 464 4548; x_wconf 82' lang='lat' dir='ltr'><strong>Lysiam</strong></span> <span class='ocrx_word' id='word_1_301' title='bbox 494 4464 579 4526; x_wconf 86' lang='lat' dir='ltr'><strong>reete</strong></span> <span class='ocrx_word' id='word_1_302' title='bbox 608 4457 731 4546; x_wconf 89' lang='lat' dir='ltr'><strong>legitur</strong></span> <span class='ocrx_word' id='word_1_303' title='bbox 759 4480 833 4549; x_wconf 82' lang='lat' dir='ltr'><strong>pag.</strong></span> <span class='ocrx_word' id='word_1_304' title='bbox 869 4456 945 4527; x_wconf 82' lang='lat'><strong>117.</strong></span> <span class='ocrx_word' id='word_1_305' title='bbox 981 4456 1037 4524; x_wconf 90' lang='grc'><strong>28.</strong></span> <span class='ocrx_word' id='word_1_306' title='bbox 1071 4455 1110 4524; x_wconf 75' lang='grc' dir='ltr'><strong>ἄν</strong></span> <span class='ocrx_word' id='word_1_307' title='bbox 1145 4483 1210 4534; x_wconf 84' lang='grc' dir='ltr'><strong>τως</strong></span> <span class='ocrx_word' id='word_1_308' title='bbox 1238 4461 1351 4530; x_wconf 73' lang='grc' dir='ltr'><strong><em>οὶλλιὶ</em></strong></span> 
     </span>
    </p>
   </div>
   <div class='ocr_carea' id='block_1_9' title="bbox 0 0 1682 5084">
    <p class='ocr_par' dir='ltr' id='par_1_9' title="bbox 0 0 1682 5084">
     <span class='ocr_line' id='line_1_37' title="bbox 0 0 1682 5084; baseline 0 1"><span class='ocrx_word' id='word_1_309' title='bbox 0 0 1682 5084; x_wconf 95' lang='lat' dir='ltr'><strong> </strong></span> 
     </span>
    </p>
   </div>
  </div>
 </body>
</html>
