3308 5090
869 384 932 465 ns

306 582 435 667 Δρυΐίαι
466 582 497 648 δὲ
521 617 565 634 -
589 583 777 651 δικαιότατοι
808 584 1000 668 νομίζονται,
1027 623 1068 635 -
1092 586 1152 656 τὰς
1185 585 1217 652 tt
1248 586 1377 668 Φονιιιίιο
1408 586 1497 658 δίκας

306 695 433 772 μοίλιςα
467 689 584 764 τούτοις
620 691 832 770 ίτετέτοοιττο
866 689 1008 771 δικοίζιιν.
1043 686 1117 756 ὅταν
1152 715 1188 757 τε
1219 693 1301 773 Φοοίι
1332 693 1445 759 τούτοιν
1479 690 1498 774 ᾗ

307 801 405 882 φορὰν
436 797 488 863 καί
513 804 567 872 τῆς
596 797 700 879 χώρας
724 797 893 880 νομίζουσιν
918 801 1080 878 ὑπάρχειν.
1128 797 1267 866 Mirifice
1290 821 1392 867 errore
1416 801 1500 866 Mei-

305 907 388 972 nske
410 905 491 987 φιμοὶ
514 904 629 969 τούτου
650 906 698 969 ita
721 909 844 990 occepit
867 908 958 990 quusi
978 910 1060 970 esset
1079 907 1160 983 Φοριὶ
1181 913 1239 970 τῶν
1258 914 1387 987 φονικῶν
1400 907 1498 972 δικῶν.

306 1013 433 1078 Τούτων
456 1016 505 1077 est
526 1017 585 1075 τῶν
610 1010 763 1091 npetu,
788 1018 826 1077 ut
849 1011 934 1100 opud
958 1011 1206 1078 Demosthenem
1231 1025 1305 1079 uoto
1328 1013 1397 1080 loco
1415 1013 1499 1097 Φιροὶ

308 1118 466 1200 προδοτῶν.

351 1225 520 1291 Praetereo
539 1221 706 1311 flagitante
730 1227 887 1290 sententio
909 1222 982 1313 legs
1003 1223 1171 1306 νομίζουσιν
1196 1223 1356 1308 induero.

352 1331 475 1398 Deinde
505 1349 585 1416 quse
617 1330 656 1395 ds
684 1330 831 1395 meientis
854 1330 979 1414 scribit,
1002 1351 1081 1416 quos
1104 1334 1182 1398 scite
1206 1333 1381 1416 γειομίχουο
1404 1350 1501 1414 λαγι-

308 1437 379 1510 stas
404 1435 561 1523 appellet,
584 1435 797 1522 componendo
822 1451 898 1502 sunt
920 1457 995 1501 cnm
1017 1436 1146 1525 Polybii
1171 1447 1204 1504 et
1226 1439 1390 1507 Posidonii
1410 1444 1500 1507 testi·

308 1547 425 1611 moniis
447 1542 532 1628 spud
555 1543 757 1608 Athenaeum
780 1561 854 1630 pag.
880 1540 946 1605 400
969 1563 1036 1628 sqq.

355 1649 392 1714 in
414 1649 484 1715 loco
508 1647 546 1712 de
569 1647 789 1713 cuniculorum
812 1650 980 1714 venatione
1005 1648 1075 1715 leve
1099 1651 1218 1715 vitium
1238 1651 1390 1718 sdhsesit
1424 1651 1500 1718 Edi·

310 1762 381 1821 tur:
402 1757 511 1832 γοιλῖις
540 1755 654 1834 ιίγρίαο
686 1754 886 1831 crudosum
919 1755 1117 1834 παρίασιν
1150 1757 1192 1827 είς
1222 1758 1283 1829 τὰς
1314 1759 1406 1831 ducto.
1431 1761 1499 1824 imo

309 1883 384 1929 vero
414 1864 581 1942 ταοιῖιτιν,
615 1881 654 1926 ne
684 1863 746 1947 ipsi
776 1873 942 1927 venatores
971 1864 1005 1925 in
1037 1861 1258 1928 cuniculorum
1280 1865 1499 1931 subterraneos

307 1965 446 2033 latebras
469 1969 627 2033 introiisse
651 1965 804 2034 dicentur.

357 2173 470 2242 Strabo
500 2195 573 2264 pug.
609 2174 685 2242 145.
716 2176 756 2242 ud
787 2174 947 2243 Carteiam
975 2179 1077 2263 pisces
1108 2181 1254 2266 ingentes
1278 2181 1347 2264 cepi
1369 2199 1500 2246 nnrrsns

312 2281 420 2347 addit:
453 2283 483 2345 ἒν
517 2283 550 2347 δὲ
581 2291 645 2353 τοῖς
676 2280 828 2362 ε’ξιοτίροις
860 2281 963 2355 τίτοιο
990 2285 1042 2348 καί
1066 2282 1188 2364 μείζους
1211 2285 1395 2362 ίγδυιίκοντα
1418 2291 1500 2364 μνῶν

313 2389 368 2464 τίον
399 2389 572 2466 τμιίραιναν
606 2387 658 2453 ιιαί
692 2390 743 2452 τὸν
773 2389 928 2469 γίγγροι,
960 2398 1162 2455 ταλαντιαῖον
1191 2390 1221 2455 δὲ
1251 2391 1302 2456 τὸν
1325 2392 1498 2458 πολύποδα.

312 2492 511 2582 Intelligr'sne
536 2493 613 2580 quid
635 2496 679 2559 sit
702 2492 822 2573 μείζους
851 2495 1037 2572 ὀγδοήκοντα
1061 2493 1162 2573 ptest
1185 2497 1258 2562 Non
1276 2500 1403 2583 opinor,
1424 2501 1500 2584 quis

312 2619 375 2666 non
405 2600 444 2666 de
473 2599 678 2681 ιιιομοιίίυιίίιιι
705 2602 842 2686 piscium
872 2601 927 2668 sed
957 2601 996 2667 de
1019 2603 1153 2686 pondes
1182 2623 1285 2669 sermo
1316 2611 1380 2682 est,
1405 2606 1500 2669 utin

312 2711 514 2771 ratusratus
545 2706 576 2771 ts
607 2709 658 2773 rto
681 2710 851 2773 πολύποδα.
899 2706 1062 2794 Scriptum
1085 2714 1153 2774 eret
1174 2711 1501 2776 ὈΓΔΟΗΚΟΝΤΑ-

312 2819 448 2877 ΜΝΩΝ
461 2861 469 2885 ,
489 2812 572 2897 quod
585 2813 671 2878 male
682 2814 813 2879 divisim
825 2817 1018 2900 scripserunt
1030 2814 1217 2892 ίγδοιίιιοντα
1229 2823 1310 2891 μνῶν
1322 2837 1422 2902 quum
1435 2838 1499 2883 uno

311 2919 408 2984 verbo
439 2917 705 2996 ίγδοιικοντοίμνων
737 2924 891 3006 scriptum
923 2926 1097 3005 oporteret,
1127 2927 1166 2986 ut
1195 2921 1321 2998 tissone,
1351 2924 1500 3003 τρίμνοις,

312 3025 489 3103 δεκοίμνωο,
520 3027 706 3104 ιίκοοίμνοιο.
749 3025 885 3103 Deinde,
916 3034 953 3091 ut
976 3025 1028 3103 fit,
1051 3046 1137 3093 error
1160 3047 1296 3094 errorsm
1320 3031 1443 3114 peperit
1466 3033 1500 3094 et

312 3131 431 3211 μείζους
457 3143 505 3197 est
528 3151 547 3197 s
569 3139 740 3197 correctore
762 3131 1000 3218 interpolatum.

356 3337 436 3427 Peg.
464 3337 538 3404 146.
563 3341 622 3418 οὐχ
647 3335 737 3413 ι’ίιιιςα
766 3336 867 3426 [οίλλίι
891 3340 944 3404 καί
968 3341 1108 3424 μιίλιςα]
1130 3339 1310 3416 ἆτοδίξαιτ’
1332 3339 1370 3407 ἄν
1392 3365 1439 3415 τις
1454 3378 1498 3394 -

313 3445 349 3510 τὸ
374 3447 439 3525 mn
464 3447 521 3518 τὰς
547 3447 743 3521 μεταλλείας
767 3444 890 3524 εὐφυές.
940 3444 1015 3511 Sine
1036 3465 1128 3512 mors
1150 3445 1321 3512 delendum
1338 3447 1499 3514 insulsum

315 3551 484 3616 emblema.
529 3550 666 3617 Perinde
699 3559 747 3616 est
775 3571 811 3616 sc
838 3554 866 3616 si
896 3551 1068 3618 diceretur:
1099 3554 1224 3628 μίλιτιι
1248 3554 1337 3619 αλλίι
1360 3555 1411 3620 καί
1437 3556 1501 3630 μοί·

315 3672 409 3735 λιςα,
433 3677 571 3743 nomque
593 3659 676 3723 inter
697 3658 821 3735 μοίλιςα
846 3665 878 3724 et
900 3659 961 3740 οὐχ
984 3659 1075 3736 ι’ἱκιςα
1091 3658 1219 3724 nullum
1242 3679 1369 3745 prorsus
1391 3661 1501 3728 discri-

314 3783 389 3829 men
412 3771 470 3829 est.

358 3970 467 4038 Mults
489 3991 597 4037 eorum
622 3989 702 4056 quse
725 3968 838 4038 Strsbo
860 3969 893 4037 h.
916 3971 939 4038 l.
960 3993 999 4038 ex
1018 3973 1189 4040 Posidonio
1209 3974 1500 4062 descripsit,stiem

314 4100 333 4145 s
364 4077 502 4144 Diodoro
532 4099 571 4143 ex
601 4076 712 4143 eodem
741 4076 897 4163 descripte
919 4084 994 4144 sunt
1017 4082 1134 4146 omisso
1157 4084 1285 4147 nomine
1308 4080 1392 4148 libro
1415 4081 1443 4146 V
1468 4091 1500 4149 ot

313 4183 466 4251 nonnulle
487 4182 630 4248 indidem
652 4183 834 4248 Athenseus
853 4189 1041 4270 expromsit:
1062 4187 1179 4272 quibus
1197 4189 1344 4253 omnibus
1363 4191 1447 4254 inter
1466 4209 1499 4254 se

313 4292 503 4375 comparetis
536 4287 699 4354 Strabonis
730 4293 830 4355 orctio
862 4291 914 4355 hic
944 4291 1012 4357 illic
1044 4293 1240 4358 emendatior
1270 4292 1338 4360 fieri
1370 4295 1497 4378 poterit

310 4397 492 4463 Athenaeus
514 4395 625 4461 scribit
647 4415 721 4483 pag.
744 4394 821 4461 233.
844 4415 874 4464 1.
899 4399 933 4460 τὸ
951 4396 1053 4475 μέντοι
1070 4421 1110 4476 γε
1128 4399 1206 4464 πολὺ
1223 4403 1331 4464 τούτου
1353 4399 1499 4477 eatstan

310 4503 363 4569 ιιαί
402 4502 586 4576 ιιαιιοιιιίίοιο
626 4503 840 4592 (νααοταίίτι)
874 4505 1082 4582 μεταλλείαις
1116 4506 1289 4586 εὑρίσκεται
1325 4505 1411 4572 sord
1447 4507 1500 4572 τὸν
