3304 5090
894 299 960 374 280

334 489 404 576 ἔνθ.
453 495 517 564 Onr
548 517 623 584 ergo
654 496 705 561 illi
729 501 869 572 veteres,
891 497 1000 581 quoles
1023 499 1107 562 viros
1130 515 1163 560 ss
1186 513 1287 578 neque
1310 492 1429 558 vidisse
1453 511 1526 558 nm·
1630 508 1631 586 J

334 622 429 687 quam
459 603 620 688 praedicat
651 623 751 686 neque
781 601 911 688 posthac
942 606 1104 676 visurum,
1134 600 1274 664 hominis
1297 601 1527 664 auctoritatem
1630 605 1631 662 3

333 710 544 792 sequebantur
570 709 656 773 ultro
686 707 815 772 fatentis
846 727 880 772 so
911 707 977 772 illis
1008 728 1074 772 esse
1098 701 1300 770 inferiorem?
1333 706 1378 769 At
1407 704 1528 770 Nestor
1630 769 1631 780 ¹

334 816 423 894 μένοι
446 821 559 895 φρονῶν
583 815 635 877 κοί
661 813 937 894 παρρησιαζόμενος
960 812 1085 879 atilios
1105 821 1227 877 veteres
1247 813 1526 894 etsemetipsum
1630 881 1631 884 Ἴ

333 922 569 1008 Agamemnoni
597 926 629 984 et
652 917 772 984 Achilli
795 927 985 1005 anteponens
1009 922 1054 984 sic
1077 938 1129 982 eos
1151 917 1212 982 sibi
1235 919 1356 1001 optime
1378 917 1528 980 monenti
1630 900 1631 972 ί

333 1026 549 1110 obtemperare
580 1023 738 1110 postulat:
770 1026 909 1102 πίθεσθε,
942 1025 1076 1090 ε’πίθοντο
1099 1021 1161 1104 νοίρ
1183 1045 1233 1101 μοι
1257 1022 1310 1086 ael
1333 1021 1466 1102 ἀρείονες
1493 1020 1525 1094 ἦέ
1630 1033 1631 1080 1

335 1154 390 1213 περ
415 1131 514 1208 ὑμεῖς.

378 1236 472 1302 Alius
501 1234 637 1300 Homeri
662 1232 768 1311 locus,
794 1235 851 1298 ubi
873 1233 1050 1301 Aristarchi
1071 1236 1245 1300 sententiae
1267 1253 1329 1300 non
1352 1232 1527 1298 subscribi·
1630 1260 1631 1332 ρ

334 1362 423 1427 mus,
447 1344 550 1407 estin
573 1337 665 1405 Iliad.
688 1349 727 1404 A.
752 1337 898 1406 28-30.

471 1449 525 1521 την
549 1447 575 1510 θ’
598 1445 659 1523 ἐγὼ
682 1446 715 1509 ού
739 1446 838 1523 λύσω,
864 1446 933 1524 πρίν
955 1470 1009 1522 μιν
1032 1447 1083 1512 καί
1107 1454 1206 1525 ysicus
1230 1442 1345 1511 ἔπεισιν

474 1551 607 1632 ἡμετέρῳ
631 1552 671 1615 ἐνί
696 1552 764 1631 oleo
788 1553 817 1616 ἔν
837 1555 952 1630 Ἄργεϊ
974 1552 1077 1627 τηλθθι
1102 1552 1221 1632 πάτρης

471 1659 534 1727 ίςύν
558 1657 758 1739 ἐποιχομένην
780 1658 832 1722 xci
859 1659 931 1734 ε’μύν
956 1658 1050 1742 λέχος
1074 1660 1252 1724 ύντιθενσιιν.

381 1763 450 1830 Hos
482 1770 545 1828 tres
576 1783 687 1828 versus
717 1764 918 1829 Aristarchus
950 1767 1124 1832 damnavit.
1156 1767 1354 1840 ύθεσοῡντιιι,
1378 1759 1427 1828 ύτι
1451 1764 1525 1827 ύνοι-
1630 1756 1631 1776 ¹

337 1868 440 1935 λύουσι
462 1871 519 1944 την
542 1870 683 1933 ἐπίτασιν
706 1876 758 1933 τοῦ
783 1875 831 1934 νού
855 1872 907 1934 κιιί
932 1873 987 1945 σὺν
1009 1872 1151 1946 ύπειλην.
1177 1873 1321 1946 ἠσμένισι
1344 1871 1408 1949 γὰρ
1431 1869 1485 1932 καί
1511 1867 1524 1931 ύ

339 1978 457 2056 Χρύσης
487 1976 629 2049 εἰπούσης
658 1981 714 2054 (an
744 1973 922 2061 σννούσηςί)
952 1979 1048 2048 οιύτΐις
1067 1979 1109 2056 τῷ
1132 1977 1272 2054 βοσιηεῖ.
1318 1979 1525 2042 ’ΛΠΡΕΠΕΟ
1630 1985 1631 2034 3

339 2081 369 2148 ti
394 2083 446 2147 ιιοιί
471 2081 505 2145 τὸ
529 2080 580 2144 σύν
605 2079 829 2159 Ἀροιμέμνονιι
853 2086 984 2146 ποιιιῦτιι
1008 2082 1123 2159 styria.
1162 2083 1293 2147 Nemini
1316 2081 1409 2147 facila
1431 2080 1526 2146 credo
1630 2077 1631 2080 ¹

337 2187 415 2254 haec
446 2186 665 2252 Aristarchum
687 2186 902 2271 probaturum.
952 2186 1044 2268 Quod
1067 2194 1174 2254 autem
1198 2188 1280 2253 dixit
1302 2189 1386 2273 patri
1404 2194 1525 2268 ρτσθιιιιι

339 2316 399 2358 ease
421 2291 521 2358 filiam
544 2312 633 2356 snam
657 2312 724 2356 esse
747 2291 846 2379 Regis
869 2295 1092 2371 concubinam,
1113 2293 1322 2359 Alexandriae
1339 2294 1473 2358 fortasse
1491 2295 1526 2356 in
1630 2328 1631 2348 ι

338 2397 412 2467 nula
434 2397 588 2463 dissoluta
610 2417 722 2462 rernm
746 2419 812 2464 esse
831 2407 971 2484 poterat,
993 2401 1046 2466 sed
1068 2421 1128 2466 non
1148 2400 1232 2485 apud
1251 2399 1393 2466 heroicae
1409 2400 1525 2464 aetatis
1630 2435 1631 2472 ι

337 2505 493 2572 homines.
517 2499 635 2568 Contra
653 2503 737 2587 quod
757 2505 919 2568 contendit
939 2506 1073 2583 σίπρετές
1089 2506 1140 2570 τὸν
1153 2507 1378 2583 Ἀγαμέμνονος
1391 2509 1525 2570 τοιοῦτον
1630 2495 1631 2520 ¹

338 2613 462 2689 λέγειν,
492 2611 520 2674 si
550 2609 585 2674 id
606 2606 809 2674 Ptolemaeus
835 2607 904 2674 Rex
928 2610 1059 2676 dixisset
1081 2613 1216 2692 θπρεπές
1241 2611 1280 2676 θον
1302 2609 1354 2688 ἦν,
1379 2609 1435 2675 sed
1457 2609 1525 2676 Ho-
1630 2589 1631 2674 ί

338 2719 450 2782 marici
471 2714 581 2780 heroes
602 2716 637 2778 in
659 2715 777 2780 talibus
800 2717 1068 2793 εύθνρρημονοῦσιν.
1630 2694 1631 2710 ¹

384 2824 505 2887 Iterum
535 2819 574 2884 ab
603 2818 785 2884 Aristarcho
817 2821 1066 2888 dissentiendum
1096 2821 1186 2888 Iliad.
1219 2831 1266 2888 Ω.
1302 2819 1376 2889 130.
1404 2821 1463 2888 uhi
1487 2821 1526 2887 nd

337 2925 498 2994 Achillem
521 2945 578 2990 sna
600 2937 704 2990 mater
724 2927 772 2990 its
794 2925 890 2990 dicit:

497 3034 598 3096 τέκνον
623 3033 716 3109 έμθν,
741 3032 791 3095 τέο
813 3031 925 3110 μέχρις
950 3031 1120 3112 έδνρθμενος
1144 3033 1196 3098 ιισιί
1218 3032 1342 3115 ύχεύιιη

497 3139 552 3212 σίρν
574 3137 655 3202 έδεοιι
679 3138 800 3216 κριιθίην
822 3137 1012 3214 μεμνημένοι
1037 3138 1107 3203 ούτε
1129 3163 1159 3204 τι
1185 3141 1269 3204 σίτου

496 3241 561 3308 οὔτ’
586 3243 691 3318 εὔνησε
717 3243 834 3320 οίροιθύν
858 3243 888 3307 δὲ
911 3247 1038 3321 γννοιικί
1062 3267 1117 3324 περ
1141 3247 1171 3309 έν
1195 3244 1339 3326 φιλότητι

496 3347 651 3426 μίσγεσθ’.
675 3348 708 3412 ού
732 3350 795 3429 γάρ
816 3372 866 3424 μοι
891 3349 973 3429 θηρύν
995 3351 1071 3431 βίη,
1098 3348 1186 3415 &aad
1209 3375 1254 3415 τοι
1279 3351 1333 3426 ἤδη

496 3451 580 3534 ulyxi
604 3453 776 3532 ποορέσηιιεν
801 3454 930 3526 θοίνσοτος
954 3457 1006 3520 κσιί
1032 3465 1124 3536 μοῑροι
1146 3460 1290 3537 κρσιτοιιιί.

499 3559 573 3624 ἀλλ’
596 3558 701 3635 έμέθεν
725 3558 812 3634 ξύνες
836 3557 910 3624 ὦμοι.

383 3664 469 3732 Audi
490 3685 575 3730 nuno
597 3664 773 3730 Aristarchi
795 3665 972 3732 indicium:
997 3669 1176 3732 οίθετοῦντοιι
1195 3667 1278 3749 ςίχοι
1298 3674 1377 3747 τρεῖς
1398 3665 1526 3752 (130-

342 3773 420 3858 132)
443 3766 488 3836 ύπι
513 3772 719 3837 ’ΛΠΡΕΠΕΟ
742 3769 864 3851 μητέρσι
886 3773 938 3853 vicl
962 3774 1085 3851 λέγειν·

547 3917 556 3936 .
657 3875 776 3954 eyselo
799 3878 844 3945 έσι
867 3877 989 3956 rovorri
1013 3880 1193 3957 μίσγεσθαι.

383 3987 471 4051 'eTl
503 3993 561 4050 ΔΕ
591 3991 661 4047 ΚΑΙ
694 3981 840 4047 ardores
871 3984 1138 4063 οίσυμΦοριύτοιτύν
1169 3985 1214 4052 ἕςι
1238 3984 1290 4048 καί
1314 3982 1442 4062 aalma
1466 3993 1530 4058 τοῖς

343 4095 385 4166 είς
409 4093 543 4167 πόλεμον
569 4085 703 4163 ἐξιοῦσιν.
730 4088 823 4168 χρείοι
846 4089 909 4166 γὰρ
933 4091 1068 4161 εύτονίιις
1094 4090 1146 4154 xxi
1171 4091 1357 4164 πνεύματος.
1630 4161 1631 4178 1

388 4195 494 4264 Facile
525 4194 683 4259 oredimus
712 4215 813 4278 neque
844 4193 1101 4261 Ptolemaeorum
1129 4206 1246 4262 nistros
1269 4217 1369 4281 neque
1393 4195 1532 4281 reliquos
1630 4183 1631 4194 ¹

343 4307 377 4370 in
409 4301 482 4368 aula
504 4299 718 4366 Alexandrina
741 4311 901 4365 matronas
924 4302 1097 4386 quidquam
1120 4301 1340 4367 huiuscemodi
1364 4301 1440 4367 liliis
1464 4307 1531 4370 suis

343 4409 520 4500 praecipere
550 4405 676 4482 solitas,
710 4410 747 4470 nt
777 4426 877 4492 neque
901 4427 984 4472 nunc
1007 4415 1125 4474 matres
1148 4407 1240 4474 facilc
1264 4407 1341 4474 talia
1363 4407 1438 4475 filiis
1462 4412 1531 4478 suis
