3342 5080
867 315 934 393 tot

301 517 360 578 σῶν
383 513 463 592 ἐμῶν
486 516 860 580 ἘΓΓΕΓΡΑΜΜΕΝΟΙ
884 509 960 580 ὅταν
981 511 1117 592 rotnace
1139 512 1194 578 καὶ
1213 514 1251 577 ‘0
1274 519 1420 578 ΠΑΤΗΡ
1440 508 1495 576 καὶ

302 621 320 696 ἡ
344 620 431 704 φυλὴ
455 621 507 686 καὶ
532 616 626 686 σαντ’
651 617 669 703 ᾇ
693 620 818 698 σαῦσιὶς

344 797 538 886 Priusquam
567 801 706 887 priorem
739 801 773 865 in
801 800 1055 888 Aristogitonem
1078 802 1258 866 orationem·
1275 799 1432 884 deponam
1456 798 1498 864 de

301 906 451 972 manibus
480 909 590 993 paucis
620 908 766 974 indicabo
797 929 877 994 quae
908 908 992 973 mihi
1022 909 1056 972 in
1079 907 1138 972 hcc
1161 926 1256 971 causa
1278 903 1496 993 cognoscenda

302 1013 380 1076 satis
403 1019 488 1078 certa
512 1019 545 1079 et
567 1020 729 1101 comperta
750 1017 825 1080 sint.

344 1117 505 1184 Incertum
529 1141 592 1207 qno
615 1141 695 1186 anno
719 1121 774 1186 sed
795 1141 859 1187 non
880 1123 927 1186 ita
950 1120 1054 1186 multo
1077 1124 1150 1185 aute
1172 1137 1271 1203 quam
1288 1117 1493 1204 Aristogiton

303 1222 369 1303 περὶ
403 1230 462 1289 τῶν
496 1227 689 1307 ιΑριεαιιειέιι
723 1247 852 1292 causam
887 1227 970 1293 dixit
1006 1225 1052 1313 (id
1082 1231 1131 1291 eet
1158 1231 1232 1292 aute
1262 1244 1383 1290 aunum
1410 1221 1492 1306 324)

303 1329 474 1418 Lycurgus
515 1333 743 1421 Aristogitonis
787 1354 904 1399 nomen
940 1332 1058 1399 detulit
1094 1329 1245 1418 (ἐνέδειξε)
1282 1330 1495 1414 subscriptore

300 1455 379 1500 usus
409 1456 472 1501 uon
502 1436 734 1524 Demosthene,
766 1440 821 1506 sed
851 1439 1034 1526 Hyperide,
1066 1441 1123 1525 qui
1152 1440 1267 1524 septies
1297 1457 1315 1502 a
1342 1433 1494 1501 scelerato

301 1539 497 1627 sycophanta
524 1546 560 1608 in
589 1545 747 1610 iudicium
778 1545 817 1610 ds
848 1547 951 1630 capite
978 1543 1134 1610 adductus
1157 1549 1189 1610 et
1211 1544 1306 1608 toties
1329 1539 1495 1607 absolutus

302 1651 444 1713 veterem
466 1650 637 1715 inimicum
660 1653 705 1716 sic
726 1651 900 1717 ulciscitur.

347 1752 488 1839 Utraque
518 1759 619 1823 oratio
650 1764 788 1824 aetatem
818 1756 897 1823 tulit
926 1759 960 1823 in
990 1756 1218 1822 bibliothecam
1243 1753 1494 1820 Alexandrinam

302 1864 334 1924 et
365 1859 408 1932 εἷς
435 1862 504 1934 τοὺς
530 1862 744 1945 Καλλιμάχου
768 1862 903 1936 πίνακας
927 1868 1070 1949 recepta,
1094 1862 1148 1928 sed
1172 1859 1366 1928 Oriticorum
1390 1881 1495 1927 errore

302 1971 360 2031 aut
381 1964 580 2055 negligentia
603 1990 683 2055 quac
706 1974 773 2036 erat
792 1969 968 2057 Hyperidis
988 1971 1088 2034 oratic
1106 1967 1316 2034 Demostheni
1335 1970 1384 2030 est
1404 1967 1494 2031 attri-

301 2071 389 2137 buta.
437 2072 545 2154 Quum
576 2095 596 2140 a
625 2074 810 2142 Ptolemaeo
835 2075 1048 2160 Philadelpho
1071 2094 1200 2140 summo
1223 2072 1330 2138 studio
1352 2076 1385 2137 ct
1408 2093 1495 2136 snm·

302 2180 366 2244 mis
388 2182 500 2265 pretiis
522 2180 599 2247 libri
625 2187 770 2248 veterum
794 2185 1068 2269 conquirerentur‚
1094 2181 1215 2246 factum
1240 2184 1288 2244 est
1309 2182 1348 2242 ut
1371 2176 1495 2244 multae

301 2287 457 2350 orationes
480 2291 536 2351 aut
559 2287 769 2366 ἀνεπίγραφα
794 2293 850 2354 aut
873 2287 1126 2367 ψευδεπίγραφοι
1155 2291 1211 2352 eut
1237 2283 1493 2362 διεσκευασμέναι

302 2393 352 2470 (ab
375 2391 580 2474 sapewice
601 2393 781 2478 ecppocitac)
804 2393 1033 2460 Alexandriam
1056 2393 1252 2460 deferrentur
1274 2397 1307 2458 et
1330 2392 1369 2457 ab
1389 2393 1494 2478 impe-

300 2499 364 2562 rito
394 2497 500 2563 indice
530 2495 728 2565 Callimacho
760 2500 941 2566 auctoribus
972 2520 1113 2585 quaeque
1143 2501 1210 2565 auis
1233 2498 1491 2564 attribuerentur.

300 2601 337 2667 In
369 2624 431 2689 qua
461 2625 495 2668 re
525 2607 560 2669 in
593 2625 691 2690 quam
717 2626 831 2694 graves
854 2627 973 2672 errores
995 2626 1029 2671 se
1051 2605 1191 2672 induerit
1213 2603 1266 2671 vel
1288 2607 1322 2670 in
1345 2624 1410 2669 une
1432 2603 1494 2670 De-

302 2708 469 2776 mosthene
488 2713 565 2776 eatis
587 2716 727 2797 apparet.
763 2711 874 2798 Itaque
896 2733 953 2799 per
975 2711 1141 2797 complura
1163 2711 1289 2778 saecula
1307 2709 1495 2797 Hyperidca

300 2818 402 2882 oratio
425 2836 620 2902 quamquam
644 2822 711 2883 toto
735 2821 819 2884 coelo
842 2817 1134 2885 aDemosthenicis
1155 2818 1281 2884 diversa
1299 2823 1409 2883 tamen
1427 2819 1495 2882 aine

300 2921 369 2988 ulla
398 2923 520 2988 fraudis
549 2925 726 3009 suspicione
758 2924 797 2990 ab
829 2925 962 2990 eruditis
994 2926 1143 2990 omnibus
1169 2945 1226 3009 pro
1248 2921 1495 2990 Demosthenice

300 3027 445 3094 lectitata
475 3034 539 3105 est,
572 3028 670 3095 donec
701 3030 831 3096 tandem
864 3030 1039 3118 Dionysius
1061 3029 1349 3097 Halicarnassensis
1371 3031 1494 3115 primns

300 3136 444 3199 omnium
467 3133 629 3201 intellexit
651 3133 720 3202 fieri
742 3136 833 3202 nullo
857 3138 953 3202 modo
976 3157 1066 3222 posse
1091 3144 1130 3202 ut
1150 3137 1228 3202 haec
1250 3137 1298 3200 ita
1315 3134 1356 3200 ab
1378 3133 1494 3200 Demo-

300 3241 411 3306 sthene
441 3244 558 3327 scripta
589 3243 725 3308 finerint:
757 3245 859 3308 inesse
890 3245 977 3308 enim
1001 3243 1156 3329 quaedam
1179 3240 1312 3320 Φιρτιιιόι
1336 3240 1390 3304 καὶ
1415 3239 1493 3315 ἀηδῆ

299 3346 513 3413 Demosthene
535 3368 663 3434 prorsus
684 3348 826 3436 indigna.
873 3347 986 3434 Itaque
1008 3350 1140 3434 muriam
1164 3369 1229 3415 esse
1252 3349 1486 3434 pronuntiavit,

299 3455 553 3521 vetustissimam
588 3474 655 3519 esee
686 3459 718 3520 et
748 3454 787 3520 ab
819 3455 927 3520 Attico
957 3461 1080 3522 oratore
1112 3453 1337 3521 Demosthenis
1365 3453 1490 3538 aequali

299 3561 509 3646 conscriptam
543 3579 609 3624 esse
643 3581 682 3624 ne
717 3562 872 3649 cogitavit
907 3560 1043 3645 quidem.
1092 3559 1205 3628 Oritici
1238 3560 1396 3626 indicium
1431 3560 1489 3625 hoc

298 3664 442 3752 plerique
483 3685 592 3730 omnes
632 3669 756 3730 veteres
797 3672 983 3751 spreverrmt
1021 3671 1053 3731 et
1087 3666 1322 3732 eruditissimus
1356 3667 1489 3751 quisque

299 3769 495 3837 Graecorum
519 3777 550 3836 et
573 3769 792 3836 Romanorum
816 3773 867 3837 σὸν
892 3775 963 3836 κατ’
987 3771 1225 3853 Ἀριςσγείτσνας
1249 3767 1342 3849 λόγον
1361 3772 1401 3837 ab
1420 3773 1488 3856 ipsc

298 3875 512 3942 Demosthene
535 3879 691 3962 scriptum
714 3898 781 3944 esse
804 3880 1009 3945 existimabat
1036 3882 1060 3960 ¹)
1083 3884 1208 3964 praeter
1229 3899 1332 3944 unum
1355 3883 1388 3944 et
1411 3877 1488 3943 alte·

333 4107 360 4168 1)
379 4107 502 4168 Longinus
517 4104 530 4155 ὃ
548 4105 737 4170 sperante-mc,
752 4109 830 4175 quiin
846 4109 907 4161 libro
921 4109 975 4174 arpi
988 4107 1063 4170 litem
1080 4126 1132 4176 cap.
1149 4115 1189 4160 34.
1208 4109 1378 4160 Demosthenir
1395 4113 1419 4161 et
1436 4111 1486 4176 Hp·

298 4189 386 4254 paridis
408 4189 500 4239 dicendi
522 4189 622 4240 unctas
643 4194 667 4240 ct
684 4191 807 4258 ingenium
825 4193 958 4244 luculenter
975 4195 1039 4243 iuter
1055 4207 1080 4242 ae
1097 4192 1241 4257 composuit,
1259 4192 1312 4240 sine
1327 4191 1378 4242 ulla
1395 4193 1484 4242 dubit*

297 4279 364 4327 tione
380 4277 463 4326 scribit
479 4294 529 4344 cap.
548 4280 587 4332 27.
606 4276 620 4326 δ
638 4279 788 4340 Δημοσθένης
805 4277 847 4330 brt
862 4285 908 4332 τσῦ
926 4277 1118 4346 Ἀριςσγείτσισς
1133 4275 1237 4340 ὶμπαθὶς
1254 4280 1284 4329 rt
1298 4283 1485 4344 ercamtmov

297 4365 338 4416 aci
355 4366 511 4430 αγχίςρσφαν
529 4365 677 4431 capimus,
698 4373 722 4418 ct
738 4369 852 4420 manebit
868 4371 947 4422 locam
962 4387 990 4422 ex
1007 4387 1059 4438 pag.
1079 4371 1140 4431 778,
1160 4375 1183 4422 8.
1201 4369 1242 4418 mi
1260 4367 1335 4430 οὐδεὶς
1354 4367 1419 4434 ipos
1438 4388 1483 4438 χα-

298 4459 343 4516 Asis
362 4454 413 4506 οὐδ’
430 4455 502 4522 cpyp
521 4454 587 4522 ’ίχαν
605 4457 757 4524 εὑρεθήσεται
775 4455 829 4508 ιιι-ἱ.
