3342 5080
741 272 806 346 567

179 487 253 556 pag.
286 464 362 534 790.
395 465 449 533 21.
481 466 778 535 δακτυλοδεικτεῖτε.
808 489 883 558 pag.
916 467 996 540 794.
1031 468 1061 536 5.
1094 471 1108 537 ί
1140 465 1246 548 λοιμίς
1268 471 1363 558 prod

179 574 294 655 ὄλεθρος
303 597 314 652 ,’
337 575 351 639 θ
373 573 491 656 φθθρος.
519 577 544 662 ι)
567 596 642 664 pug.
667 573 744 643 799.
770 573 824 642 17.
848 575 1193 658 Φυσιογνωμονήσονσιν.

223 785 304 873 Peg.
338 781 412 851 772.
445 783 501 851 26.
526 785 566 851 ed
587 785 709 852 iudices
731 787 778 852 its
800 786 895 854 dicit:
919 795 1031 872 oportet
1052 811 1282 878 unumquemque
1301 811 1364 854 νοι-

179 900 256 957 rrum
297 892 352 966 τήν
386 891 600 971 οὶπαραίτητον
634 891 687 958 καί
723 894 837 971 σεμνήν
871 893 968 969 Δίκην
990 933 1031 944 -
1053 897 1095 970 είς
1131 897 1224 962 αὑτὸν
1257 892 1366 963 ἕκατον

178 998 350 1085 νομίσαντα
381 995 513 1074 βλέπειν
543 997 619 1064 οὕτω
650 995 841 1080 ψηφίζεσθαι
866 1001 1103 1081 Φυλαττιίμενον
1126 1002 1179 1068 καί
1202 1001 1368 1085 προορώμε-

180 1129 225 1169 νον
247 1107 292 1182 μή
317 1107 529 1186 καταισχῦναι
552 1104 686 1182 ταύτην,
712 1101 746 1180 ής
770 1105 924 1184 ἕποίννμθς
951 1109 1013 1176 ἑςιν
1039 1109 1121 1186 ὑμῶν
1144 1105 1253 1181 ἕκαςος
1278 1109 1291 1174 d
1315 1106 1364 1172 οῖεί

179 1210 314 1292 δικοίζειν
338 1210 448 1292 λαχὼν
471 1209 578 1276 ποίντα
603 1211 646 1276 τοὶ
670 1213 701 1275 ὲν
724 1220 763 1293 τή
786 1211 875 1276 πθλει
898 1213 987 1278 καλοὶ
1010 1213 1062 1278 καί
1083 1212 1190 1279 δίκαια
1214 1213 1266 1280 καὶ
1290 1238 1368 1292 συμ-

179 1319 315 1400 Φέροντα
346 1315 548 1405 [Φυλοίττειν]
581 1320 700 1393 ταύτην
731 1319 786 1394 τήν
817 1319 933 1401 ήμὲραν
964 1322 1230 1399 παρακαταθήκην
1256 1317 1369 1400 ἔνορκον

77 1491 83 1506 ,
179 1425 316 1504 εῖληΦίος
349 1425 436 1503 παροδ
466 1429 524 1489 τῶν
555 1422 653 1503 νθμαν
685 1425 737 1488 καὶ
769 1434 825 1500 τῆς
859 1425 1018 1498 πολιτείας
1050 1427 1101 1492 καῖ
1133 1433 1187 1501 τοῖς
1211 1428 1367 1508 πατρίδος.

179 1531 241 1596 Pro
273 1531 449 1611 Φολοίττειν
480 1534 514 1596 in
546 1533 677 1618 optimis
703 1529 794 1597 libris
818 1539 866 1598 est
889 1532 1079 1611 Φυλοίττοιν,
1103 1532 1158 1599 sed
1181 1535 1299 1619 siquis
1323 1533 1369 1600 lo-

180 1657 254 1702 cum
286 1635 459 1724 diligenter
490 1638 736 1704 consideraverit
760 1639 885 1704 videbit
907 1639 1083 1720 φυλάττειν
1109 1639 1161 1728 (an
1184 1639 1370 1726 φυλάττον)

181 1764 199 1809 e
227 1741 325 1808 sciolo
357 1764 423 1809 esse
447 1743 684 1830 interpolatum.
734 1741 911 1811 Coniuncta
934 1751 1010 1810 sunt
1031 1742 1064 1821 ής
1088 1743 1244 1821 ἐπώνυμός
1269 1746 1330 1815 ε’ςιν
1355 1744 1369 1808 ὁ

180 1848 229 1914 est
252 1846 384 1929 δικοίζειν
408 1850 517 1930 λαχὼν
540 1850 583 1914 τοὶ
607 1850 637 1915 ἕν
660 1860 699 1933 τῇ
725 1849 812 1915 πθλει
837 1851 924 1916 καλοὶ
946 1851 1211 1932 παρακαταθήκην
1235 1852 1369 1932 εἰληφὼς

180 1955 267 2035 παρὰ
297 1961 357 2020 τῶν
386 1955 493 2034 νθμον.
525 1956 609 2043 quod
638 1978 739 2043 quum
771 1957 887 2024 sciolus
918 1978 980 2023 non
1008 1957 1217 2024 intellexisset
1246 1957 1285 2023 de
1311 1978 1368 2023 suo

179 2059 351 2143 φνλοίττοον
377 2061 446 2148 (alii
469 2063 659 2148 Φυλοίττειν)
683 2085 740 2150 pro
763 2063 865 2130 fulcro
887 2065 1062 2151 supposuit.

223 2167 324 2234 Plane
354 2189 484 2234 mecum
515 2172 632 2236 sentire
663 2171 756 2236 video
787 2169 984 2249 Dobreeum,
1024 2171 1079 2236 sed
1113 2171 1205 2256 quasi
1236 2168 1371 2257 vulgate

178 2272 273 2340 lectio
295 2274 379 2340 nihil
403 2273 602 2343 difficultatis
624 2276 756 2342 heberet
778 2275 914 2344 editores
937 2278 1028 2342 taciti
1049 2280 1261 2362 praetereunt.

223 2484 303 2574 Png.
328 2481 405 2551 773.
426 2481 456 2551 7.
477 2487 517 2556 cir
537 2485 563 2549 εί
583 2523 624 2534 -
644 2484 723 2550 Ἀπθ
743 2492 798 2560 τής
819 2485 959 2561 συνήθους
979 2485 1116 2560 εὐηθείας
1138 2485 1367 2561 εἰσεληλυθότες

179 2591 363 2656 καθεδεῖσθε.
409 2589 503 2656 Nihil
534 2595 582 2656 est
613 2592 676 2656 οὶπὸ
705 2591 861 2677 εὐηθείας,
885 2593 1021 2658 rescribe
1044 2591 1121 2656 ‘Tri
1145 2599 1201 2666 τής
1225 2593 1365 2668 συνήθους

179 2697 336 2772 εὐηθείας,
368 2703 406 2762 ut
437 2697 556 2762 dicitur
587 2697 645 2762 ὑπὸ
677 2697 799 2776 λοίπης,
834 2699 885 2764 ὑπ’
916 2699 1023 2775 οὶνίας,
1055 2698 1113 2764 ὑπὸ
1146 2702 1274 2778 χοροῖς,
1312 2698 1369 2763 ὑπὸ

178 2805 302 2889 φθβου,
330 2804 387 2870 ὑπὸ
411 2807 521 2888 λιμοῦ,
544 2809 576 2870 et
599 2803 663 2870 slis
685 2805 737 2870 his
761 2804 882 2870 similia
901 2801 1072 2891 permulto.

223 3016 303 3105 Peg.
325 3014 402 3083 773.
428 3013 481 3080 28.
508 3006 530 3080 δι
555 3015 586 3080 δὲ
606 3015 659 3078 καὶ
679 3014 857 3097 λογίζεσθαι
878 3016 948 3088 τοὺς
970 3017 1043 3098 ὑπὲρ
1063 3015 1180 3088 πθλειος
1200 3016 1252 3082 καί
1273 3015 1369 3094 νθμοιν

178 3122 415 3202 βουλευομένους
448 3119 590 3203 προσήκει
626 3121 691 3206 [καί
728 3126 906 3188 πατεῖσθαι
942 3123 1004 3211 δεῖ]
1043 3129 1147 3188 ταῦτα
1181 3124 1369 3205 προηροθμην

177 3232 284 3295 εἰπεῖν.
332 3225 543 3294 Consentiunt
574 3248 685 3293 omnes
715 3227 915 3294 intolerabile
946 3250 1013 3294 esse
1044 3230 1095 3294 καῖ
1121 3231 1300 3295 σκοπεῖσθαι
1325 3230 1373 3294 δεῖ

176 3341 265 3422 post:
290 3331 311 3400 ἃ
337 3333 515 3416 λογίζεσθαι
541 3333 694 3413 προσήκει.
739 3333 850 3419 ltaque
868 3333 993 3400 Reislsii
1013 3338 1193 3401 coniectura
1211 3337 1294 3399 'Aer
1313 3355 1370 3420 pro

178 3450 250 3508 ΔΕῙ
282 3446 331 3506 est
360 3446 505 3526 recepte.
538 3440 593 3506 sed
625 3439 678 3506 vel
704 3442 750 3505 sic
773 3461 810 3506 es
833 3441 929 3507 verbe
951 3442 1209 3528 perincommode
1232 3440 1301 3506 loco
1323 3444 1370 3507 in-

177 3552 261 3614 serts
283 3547 359 3613 ferri
381 3551 543 3633 nequeunt
566 3551 598 3612 et
621 3548 751 3612 resectis
774 3548 905 3613 demum
929 3550 1037 3614 omnia
1057 3547 1165 3614 ordine
1186 3547 1369 3634 procedunt.

221 3755 348 3823 Nobilis
380 3758 414 3821 in
437 3755 498 3821 hec
520 3758 662 3821 oratione
683 3754 772 3821 locus
796 3760 844 3821 est
866 3761 899 3821 et
920 3777 939 3820 s
962 3755 1077 3822 multis
1098 3755 1275 3822 celebratus
1294 3778 1368 3844 pag.

178 3859 254 3930 774.
286 3863 344 3926 ubi
375 3860 490 3927 Orator
517 3862 601 3950 legis
632 3859 849 3927 definitionem
879 3862 961 3928 hanc
990 3862 1096 3928 dedit:
1122 3863 1148 3926 οἱ
1173 3860 1205 3927 δὲ
1229 3861 1310 3939 νθμοι
1335 3873 1370 3938 τὸ

177 3967 290 4034 δίκαιον
309 4005 351 4016 -
370 3965 492 4050 ζητοῦσι
518 3970 571 4034 καί
597 3967 721 4033 θπειδοὶν
742 3967 844 4050 εὑρεθῇ
869 3967 1000 4034 κοινὸν
1024 3972 1114 4033 τοῦτο
1138 3967 1370 4046 πρόσταγμα

215 4211 243 4276 l)
271 4213 474 4275 Ἀντιαττικιςής
492 4216 568 4267 Βο1111.
587 4215 676 4266 Αιισςοί.
694 4231 748 4282 pag.
772 4216 825 4266 106.
847 4221 868 4266 Ι.
890 4215 1029 4276 Λοιμθςι
1052 4237 1084 4246 -
1105 4207 1143 4276 ἔφ’
1170 4205 1198 4261 od
1223 4211 1238 4270 ή
1262 4211 1372 4272 συνήθεια

176 4305 273 4357 τάσσει.
314 4303 466 4368 Δημοτθίνης
485 4300 509 4356 ἂν
528 4311 564 4370 τῷ
582 4299 640 4355 κατ’
663 4299 871 4368 Ἀριςογτίτονος·
898 4297 992 4362 οὗτος
1017 4297 1066 4352 ets
1091 4300 1189 4353 αθτθν
1207 4297 1373 4366 staretu-

176 4414 227 4447 ται
252 4395 265 4446 θ
291 4397 480 4459 φαρμακίς,
507 4394 521 4444 θ
545 4397 678 4458 sceptu
