3296 5104
878 311 922 384 64

309 503 474 576 Sententia
515 507 577 574 fert
617 507 650 571 οὐ
693 513 757 578 τοῖς
800 508 1026 587 παρανομοῦσιν
1060 506 1292 584 ἐπετιμήσατε,
1327 505 1424 592 (οὐχ)
1472 498 1530 570 ὅτι

311 614 394 690 δίκην
428 611 516 701 (παρ’
549 615 649 678 αὐτῶν
677 610 845 694 ἐλάβετε),
877 609 966 676 οὶλλοί
997 613 1062 678 νιτὲ.
1111 611 1269 680 Fecialem
1295 611 1423 680 violare
1453 615 1531 676 im-

309 723 401 807 pium
433 725 481 785 est
513 720 646 785 facinus.
689 718 801 804 ltaque
831 725 1017 805 personatus
1045 718 1217 804 Philippus
1248 719 1351 785 dicere
1374 721 1529 804 potuit:

310 849 361 892 οοι
382 828 462 894 tanti
483 826 603 892 sceleris
625 833 758 890 ονοίοοοο
780 847 840 890 νιοιν
862 825 1108 910 reprehendistis,
1131 843 1244 891 nabun
1259 848 1374 910 poenae
1397 826 1447 888 de
1478 823 1530 886 is'e

308 933 468 1012 ενοοείεθίν,
494 934 548 997 sed
568 933 657 998 etiam
680 936 738 998 cet.
764 932 820 997 sed
842 936 880 996 ut
902 933 936 996 in
959 931 1097 996 tenebris
1116 931 1199 996 nihil
1220 935 1299 997 certi
1319 931 1527 1017 dispicitur.

353 1145 431 1234 Pag.
468 1143 543 1210 159.
578 1143 629 1210 10.
663 1143 824 1216 Διοπείθης
855 1143 1006 1221 ἐμβαλὼν
1037 1142 1079 1214 είς
1111 1144 1166 1218 την
1195 1142 1300 1224 χώραν
1331 1143 1526 1222 Κρωβύλην

308 1253 365 1331 μὲν
397 1252 450 1316 καὶ
482 1253 537 1326 την
566 1249 727 1328 Τιρίςασιν
759 1246 1051 1330 ἐξηνδραποδίσατο,
1079 1248 1134 1320 την
1158 1247 1191 1313 δὲ
1213 1259 1350 1330 προσεχῆ
1376 1251 1525 1334 Θρρὶιιην

310 1357 483 1437 ἐπόρθησεν.
538 1354 677 1422 Mirifice
714 1375 817 1421 errore
850 1353 1002 1418 Reislrius
1035 1374 1092 1439 pro
1127 1353 1294 1435 Κρωβύλην
1330 1356 1523 1441 reponebat

310 1464 463 1542 Καβύλην
494 1484 533 1529 ex
553 1461 769 1530 Demosthene
791 1481 865 1548 pag.
892 1459 966 1525 100.
992 1457 1046 1526 22.
1071 1461 1285 1547 incogitantes
1307 1461 1519 1547 oppidulum

212 1579 222 1596 '
308 1558 343 1634 in
374 1569 482 1638 media
508 1567 644 1634 Thracia
664 1567 760 1654 longe
784 1567 934 1632 dissitum
956 1566 992 1629 in
1015 1565 1122 1631 sedem
1146 1565 1376 1633 alienissimam
1400 1573 1518 1634 trans·

309 1674 420 1740 ferens.
456 1674 625 1759 Diopithes
644 1694 682 1738 ex
701 1670 895 1740 Chersoneso
914 1671 1103 1760 aggreditur
1120 1672 1272 1758 oppidula
1291 1675 1449 1758 quaedam
1474 1675 1515 1738 in

308 1783 455 1866 proxima
478 1779 622 1848 Threcia.
649 1782 666 1855 ἡ
687 1779 846 1860 Τιρίςασιρ
868 1778 926 1842 ubi
945 1780 1007 1842 sita
1026 1778 1124 1844 fuerit
1143 1778 1226 1845 clare
1247 1780 1338 1846 docet
1357 1779 1515 1867 Scylaeis

310 1887 475 1965 περίπλους
501 1907 568 1971 cap.
594 1883 646 1950 67.
671 1885 757 1964 μετα
780 1882 810 1948 δὲ
835 1883 889 1956 την
913 1882 1092 1972 Χερρόνησον
1120 1885 1288 1971 (orientem
1307 1890 1432 1970 versus)
1455 1886 1511 1955 eet

312 1993 434 2076 ΙΘρρίιιια
463 1992 556 2071 τείχη
590 1991 684 2056 τοίδε·
717 1997 831 2072 πρῶτον
855 1991 959 2065 Λευιιη
983 1992 1084 2068 οίιιτνί,
1108 1992 1303 2071 Τειρίτασις,
1329 1992 1508 2072 Ἡροίκλειοι

309 2097 376 2164 ντί.
414 2095 553 2164 Castella
575 2097 651 2164 haec
673 2102 748 2164 sunt
774 2095 910 2184 (τείχη),
933 2116 996 2161 non
1019 2096 1123 2162 urbes.
1158 2096 1269 2182 Itaque
1291 2099 1508 2164 manifestum

311 2211 359 2270 cst
381 2207 435 2280 την
461 2205 628 2285 Κρωβύλην
649 2223 773 2289 quoque
795 2202 894 2267 fuisse
916 2201 1084 2268 castellum
1106 2205 1136 2267 ἐν
1160 2213 1198 2285 τῇ
1218 2203 1397 2282 Προποντίδι
1416 2207 1509 2269 inter

309 2313 431 2385 Λευκὴν
466 2312 563 2383 οίκτιίν
598 2315 631 2375 et
669 2311 723 2384 την
762 2311 934 2388 Τιρίεασιν.
989 2307 1111 2374 Iterum
1142 2329 1275 2395 quaero,
1308 2310 1392 2374 unde
1421 2309 1505 2375 haec

308 2419 528 2482 minutissima
556 2415 653 2481 homo
683 2417 763 2482 scire
784 2417 890 2500 potuit
911 2417 975 2480 nisi
1000 2416 1034 2480 ἐκ
1057 2421 1116 2481 τῶν
1140 2416 1327 2492 Θεοπόμπου
1351 2425 1504 2480 Φιλιππι-

309 2527 388 2600 κῶν,
409 2543 504 2610 quem
525 2524 560 2586 in
583 2521 642 2587 tali
664 2543 698 2587 re
717 2523 816 2587 etiam
834 2523 869 2586 in
887 2523 1084 2586 tenuissimis
1103 2521 1390 2610 diligentissimum
1402 2523 1503 2587 fuisse

309 2631 388 2696 satis
411 2649 450 2693 ex
474 2626 664 2714 fragmentis
687 2623 930 2714 cognoscimus?

357 2837 437 2928 Pag.
471 2838 546 2906 159.
581 2837 634 2905 16.
669 2840 721 2905 καί
753 2843 859 2905 ταῦτα
889 2839 932 2920 τῷ
965 2838 1049 2921 διίροιρ
1077 2842 1323 2907 εὐδοκοῦντα
1347 2841 1498 2918 ἐποίησεν.

311 2945 349 3014 In
377 2946 470 3014 libris
499 2953 547 3012 eat
576 2941 610 3012 εὖ
639 2946 798 3012 δοκοῦντα.
844 2944 1014 3011 Plebeium
1042 2967 1077 3013 ao
1100 2950 1264 3014 novicium
1287 2948 1418 3014 εὐδοκεῑν
1439 2948 1500 3016 Pe

310 3054 400 3141 lybio
431 3058 463 3119 et
493 3053 655 3119 similibus
685 3052 893 3137 scriptoribus
917 3051 1172 3137 relinquendum.
1220 3053 1304 3133 Quid
1329 3058 1376 3120 eet
1399 3056 1502 3142 igitur

310 3156 505 3248 legendum?
536 3159 588 3222 καί
619 3163 726 3223 ταῦτα
757 3159 799 3238 τῷ
831 3155 915 3238 δήμῳ
949 3159 1180 3224 ΕΤΝδοιιοῡντα
1211 3158 1361 3230 ἐποίησεν.
1409 3158 1502 3226 Nihil

308 3265 538 3352 propemodum
562 3267 694 3330 interest
719 3247 928 3331 interciet
950 3271 1013 3328 ΕΤ.
1039 3262 1197 3330 Συνδοιιεῑν
1217 3268 1252 3330 in
1271 3264 1331 3330 tali
1343 3287 1376 3332 re
1388 3271 1502 3331 notum

309 3391 346 3437 ae
375 3370 529 3456 irequena.
577 3369 714 3434 Perinde
744 3374 792 3434 eat
824 3370 1025 3434 συνδοκοῦντα
1056 3375 1089 3436 et
1119 3371 1345 3452 serapionem
1376 3393 1500 3457 ponere.

309 3475 438 3543 Dicitur
470 3475 638 3562 Diopithes
668 3475 746 3540 haee
776 3478 885 3542 omnia
915 3476 1032 3562 populo
1064 3479 1255 3544 assentiente
1287 3482 1319 3543 et
1349 3479 1502 3564 probante

312 3602 518 3649 commrsrsse.

357 3793 438 3883 Peg.
479 3789 555 3859 159.
596 3792 650 3858 20.
688 3793 859 3876 Μεγαρέων
891 3799 965 3872 γοῦν
998 3792 1229 3876 Ἀνθεμόκριτον
1260 3792 1427 3860 οίνελθντιον
1460 3795 1501 3868 είς

311 3907 400 3968 τοῦτο
443 3901 587 3976 ἐλήλυθεν
629 3899 643 3962 θ
687 3899 781 3978 δῆμος
818 3899 875 3970 σίνε
911 3900 1063 3981 μυεηρίων
1098 3902 1155 3980 μὲν
1190 3901 1333 3980 stipem
1368 3900 1500 3980 αὐτοὺς,

268 4073 270 4076 ,
312 4009 542 4086 ὑποανιίριαΤΑ
582 4006 613 4072 δὲ
652 4014 708 4080 τῆς
751 4008 873 4081 οίδιαίαρ
904 4009 1120 4074 ’‘GCTHCAN
1156 4007 1321 4088 ἀνδριάντα
1355 4009 1409 4087 πρὸ
1445 4014 1503 4073 τῶν

311 4121 424 4180 πολῶν.
471 4111 603 4178 Rectius
626 4109 757 4192 είργΟΝ
781 4119 819 4178 ut
841 4112 973 4191 ἔπησσον,
998 4119 1030 4180 et
1052 4117 1097 4180 sic
1121 4113 1201 4179 solet
1223 4121 1346 4192 noster,
1368 4119 1405 4180 ut
1426 4112 1501 4180 160.

311 4219 341 4286 8.
375 4217 432 4287 ὥτε
465 4217 517 4283 καί
549 4219 622 4299 πρὸς
654 4219 705 4284 τὸν
738 4218 854 4300 Πέρσην
878 4219 1023 4301 πρέσβεις
1047 4219 1265 4288 οὶπεςοίλνιατε.
1291 4226 1322 4290 et
1348 4219 1422 4286 106.
1450 4218 1501 4286 14.

310 4325 368 4396 ὥτε
400 4326 472 4404 πρὸς
507 4325 615 4392 ἐκεῖνον
648 4325 843 4404 διαλέγεσθε
876 4326 1010 4415 (optime
1039 4326 1203 4392 Dobraeue
1234 4327 1323 4394 dedit
1351 4347 1408 4414 pro
1439 4325 1502 4392 δια-

312 4432 500 4522 alpiam).
