3356 5086
725 271 790 344 827

165 466 239 532 hinc
274 465 308 530 in
350 462 501 534 Scholion
542 463 657 534 Veneti
691 477 725 532 B.
760 465 786 534 οί
821 463 853 531 δὲ
888 464 1156 550 συναείρεται
1191 467 1260 534 dori
1296 470 1349 534 τοῦ

164 569 349 654 τοζεθξει
374 569 618 660 (16ς.τυζεν’ξή)
643 575 681 646 ὥς
705 571 756 668 τί·

566 677 620 744 σὺν
644 678 669 743 θ’
695 679 789 759 ήειρεν
813 678 917 757 ίμῖιοι.

207 781 263 848 Fet
294 783 329 848 in
364 793 402 849 ee
434 803 468 848 re
495 786 660 870 proprium
691 785 826 852 verbnm
858 784 1035 868 συνοιείρειι.
1081 785 1217 876 Legitur
1246 789 1281 854 in
1310 785 1349 854 Β.

164 886 325 954 Scholion:
357 889 372 953 θ
403 883 447 963 εἷς
480 889 662 972 ἕζευμμίνος
693 888 786 965 ἵππος
820 890 943 967 κέλης
976 891 1151 971 ὦνθμοιςοοι,
1184 895 1209 960 ol
1239 893 1270 959 ti
1299 892 1350 958 θθο

164 990 344 1073 ἅμιπποι
389 991 404 1062 θ
445 995 497 1060 ιιοιί
535 993 724 1078 ξυνωρίς,
760 998 786 1062 el
822 995 855 1062 δὲ
888 996 1036 1078 τέοτοιρες
1070 997 1264 1081 τέτρωρον
1298 998 1350 1066 ιιοιί

162 1101 391 1181 τέθριππον.
430 1100 581 1167 Nascitur
604 1104 691 1168 enim
716 1123 755 1169 ex
778 1103 943 1184 ουνοιείρειν
967 1106 1121 1188 ονοήορος,
1145 1113 1184 1172 ut
1206 1107 1351 1188 τοιρήορος

163 1205 359 1294 (πειροιείρειν)
392 1211 425 1272 et
454 1207 597 1288 μετήορος
633 1207 848 1293 (aewestan).
906 1211 1051 1292 Σονήορος
1081 1212 1178 1277 habet
1206 1213 1350 1280 Atticam

162 1311 295 1378 formam
318 1310 458 1394 ουνοίορος
481 1317 513 1378 at
536 1315 581 1380 eie
605 1314 742 1396 τννοορθς
767 1320 799 1382 at
822 1311 944 1396 ξυνωρίς
968 1321 1081 1383 natum
1106 1322 1170 1401 eet,
1190 1323 1231 1383 ut'
1247 1318 1348 1400 θίροο,

162 1418 291 1500 biturca,
336 1440 414 1485 nam
447 1419 611 1501 οννοιεθρειν
646 1426 694 1488 eet
729 1420 950 1504 τνζειιννθνοιις
986 1425 1094 1508 itaque
1127 1421 1266 1504 οονοθορος
1302 1429 1351 1490 eet

161 1523 288 1606 οὐζιιγος
321 1526 439 1591 conica.
485 1525 633 1594 Indidem
662 1527 767 1616 igitur
789 1527 948 1609 reveniente
974 1533 1007 1593 et
1029 1527 1171 1610 τέτρωρος
1194 1535 1350 1618 prognata

161 1638 243 1698 eunt.
273 1630 324 1697 lix
348 1631 493 1711 παρήορος
518 1631 829 1720 (replementum
852 1633 1074 1700 eetDoricum
1098 1635 1232 1718 πθροορος
1256 1643 1350 1702 mente

162 1745 274 1823 ιορθιιι,
298 1741 337 1804 ut
359 1736 444 1824 opud
466 1737 696 1804 Archilochum
720 1743 787 1804 eat:

406 1841 507 1926 τοίπερ
530 1842 720 1923 Λοκοίμβοι,
744 1852 827 1910 τοῖον
850 1844 975 1928 ἐφροίοοι
999 1845 1088 1924 τθθες

474 1949 522 2025 τίς
546 1951 607 2024 οοὶς
631 1951 773 2032 τοιρήειρε
797 1951 929 2034 φρένοις,

405 2052 444 2130 θος
468 2055 505 2123 vi
528 2056 598 2136 πρὶν
621 2058 799 2140 ήνήνειοθος

159 2185 230 2249 quac
256 2170 286 2230 a
316 2163 464 2230 meaa
494 2163 598 2248 cepit?
626 2167 659 2230 et
690 2183 729 2230 ex
755 2163 899 2247 μετήορος
926 2161 1099 2252 (μετήορος)
1122 2165 1270 2232 Atticum
1292 2189 1347 2244 με·

159 2269 272 2352 τίοροτ.

199 2377 342 2462 Apparet
376 2379 485 2442 autem
519 2398 559 2442 ax
592 2377 634 2442 iia
668 2397 748 2462 quae
782 2376 866 2462 apud
900 2376 1117 2464 Porphyrium
1151 2383 1343 2463 sequuntur,

159 2482 246 2548 cuine
277 2479 391 2549 critin
420 2481 498 2548 haee
528 2484 570 2548 ait
598 2481 662 2548 loci
690 2481 857 2548 Homerici
886 2480 1068 2549 emendatio
1097 2487 1130 2548 et
1155 2484 1284 2569 querela
1307 2486 1346 2554 de

159 2583 311 2654 Codicum
334 2589 434 2656 vitiis.
481 2586 539 2654 mi
561 2587 576 2652 θ
600 2585 756 2669 διορθοτής
780 2588 794 2653 θ
818 2588 973 2662 Κοτυοιεὺς
997 2586 1212 2669 ’Λλίξοινθρος,
1237 2594 1293 2677 qui
1311 2594 1346 2658 in

159 2699 301 2761 veterum
334 2693 426 2760 libris
456 2695 650 2782 corrigendis
680 2699 819 2761 aetatem
843 2697 1011 2772 contrivit,
1036 2699 1074 2760 ut
1097 2700 1233 2762 metatur
1255 2697 1348 2764 disci-

159 2800 250 2887 pulus
293 2799 450 2867 Aristides
495 2797 692 2888 Smyrnaeus
725 2803 759 2867 in
794 2801 903 2868 dilecti
936 2803 1146 2888 praeceptoris
1181 2803 1349 2886 ἐπιταφίῳ.

162 2906 277 2989 „Quam
308 2913 382 2972 οιοοθ
405 2906 445 2984 θοι
479 2928 528 2984 ιο,
562 2907 678 2994 inquit,
709 2929 816 2990 οεοριοο
844 2908 891 2973 oie
919 2908 1039 2976 θίοοοιθθ
1061 2914 1089 2973 ct
1101 2909 1239 2993 propriis
1260 2911 1348 2977 bibe-te

160 3013 349 3079 θνιοθονοοοονο
376 3019 472 3096 porcat
504 3016 628 3091 μᾶλλον
652 3010 761 3085 ,είλετο
792 3015 847 3089 τήν
870 3021 932 3087 τοῖς
956 3022 1105 3086 τοιλοιιοῖο
1124 3011 1259 3090 Ἕλλησι
1283 3017 1347 3084 διοι-

160 3121 255 3187 ιιοιίοιι
284 3117 377 3186 Tem.
409 3117 433 3184 L
466 3139 539 3207 ρος.
574 3116 649 3186 137.
679 3119 773 3186 Dind.
801 3118 886 3200 Quot
908 3124 1016 3207 potitae
1039 3121 1215 3187 emendarit
1239 3127 1271 3189 at
1293 3145 1346 3189 ex-

158 3225 300 3312 plicuerit
329 3224 404 3292 vide
432 3244 508 3314 pag.
542 3223 617 3291 142.
664 3225 750 3307 Quot
785 3222 916 3292 (lodices
951 3228 1121 3292 correxerit
1153 3248 1225 3316 ρος.
1266 3227 1343 3296 141.

159 3334 210 3398 ιιοίν
231 3339 297 3404 τοῖς
318 3329 457 3410 βιβλίοις
477 3327 500 3398 ἃ
519 3330 672 3413 διωρθοῦτο
693 3331 769 3420 (1ος.
789 3330 920 3413 διώρθου)
939 3335 1028 3397 τοῦτο
1050 3331 1342 3410 ἐγνοτοιλθλειττοιι

161 3436 323 3518 οθμβολον.
356 3436 407 3504 θπ1
439 3438 503 3520 γὰρ
534 3439 577 3520 τιή
609 3435 803 3520 Ἀλεξοίνθριρ
826 3436 1054 3520 τοροθμροιμμοι
1077 3433 1112 3512 ήν
1136 3440 1153 3514 ή
1179 3441 1290 3520 τοτρίς
1315 3439 1343 3528 (θ

161 3543 336 3632 Komaria).
381 3541 441 3612 ilat
473 3547 578 3634 igitur
611 3544 782 3633 diligenter
815 3543 991 3610 notandum
1024 3543 1125 3610 telem
1156 3546 1264 3611 virum
1299 3547 1344 3613 aio

161 3653 243 3738 queri
274 3651 314 3718 de
337 3649 427 3718 libris
451 3656 598 3718 veterum
619 3652 795 3730 mendosis,
822 3671 885 3736 quo
906 3669 1000 3716 nemo
1023 3649 1130 3735 plures
1152 3654 1344 3718 tractaverat

161 3759 402 3842 correxeratqua.
448 3756 680 3824 Inoonnderate
709 3759 813 3844 igitur
838 3753 980 3822 Steiniua
1001 3757 1036 3820 in
1059 3754 1188 3840 praefat.
1215 3756 1256 3820 ad
1277 3755 1343 3823 Ha-

161 3863 302 3930 rodotum
332 3883 406 3952 ρος.
430 3861 516 3930 LXI.
539 3861 669 3930 laudate
691 3862 865 3929 Alexandri
889 3862 1007 3927 iudicio
1030 3861 1108 3926 haec
1131 3861 1228 3927 verbu
1247 3863 1341 3928 iecit:

163 3991 228 4048 „acc
257 3969 358 4052 μαριιί
380 3969 535 4055 sarienda
563 3969 626 4034 rive
655 3969 788 4056 querella
818 3969 880 4033 etue
911 3967 1106 4033 θοοίίιιιοιιθιιιιι
1138 3968 1175 4031 de
1208 3968 1343 4034 Codicum

162 4077 378 4161 θοριοοιιίθοοιε
406 4075 451 4141 eir
479 4081 556 4140 οιοίοι
584 4091 810 4141 nncnmnnan
839 4076 935 4140 rotent
961 4069 1071 4139 Orttiri
1094 4095 1158 4136 οοοι
1180 4073 1255 4158 qaid
1267 4095 1343 4158 ρον-

162 4183 282 4247 luriunt.
306 4179 392 4247 Nam
414 4183 443 4246 ai
464 4179 657 4246 dormitare
679 4185 728 4247 est
752 4179 790 4246 de
813 4180 907 4246 rebus
930 4197 1008 4265 quea
1030 4199 1094 4244 non
1117 4181 1194 4244 satie
1218 4183 1345 4246 noveris

162 4289 261 4355 mania
274 4287 372 4355 verba
389 4287 522 4367 iactare,
544 4294 655 4354 utrum
673 4289 741 4372 ipsa
761 4307 801 4352 nn
813 4285 992 4352 Alexander
1004 4286 1110 4372 magia
1122 4282 1346 4352 declamitare·

163 4394 200 4460 rit
216 4391 308 4459 facile
327 4391 534 4484 dignoscitur.
568 4393 713 4460 Alteram
734 4393 914 4459 evidentem
934 4390 998 4458 loei
1013 4390 1176 4457 Homerici
1199 4391 1344 4462 emenda·
