3304 5090
863 335 929 408 252

412 531 462 616 ἂψ
487 531 637 603 Ὀδυσεὺς
660 532 745 597 αοιτίι
769 537 870 614 κρῐιτα
895 532 1119 612 καλυψάμενος
1144 530 1216 617 (Od.
1241 542 1279 596 o.
1305 527 1374 618 92.)

344 637 433 705 Iliad.
458 658 492 704 A.
514 636 589 704 567.
615 633 709 703 ἆσσον
729 637 810 703 ίόνό’;
831 637 877 705 ὅτι
899 639 1058 714 Ζηνόδοτος
1079 637 1197 720 γροίφει
1221 633 1343 703 ἆσσον
1367 636 1497 702 ίόντε.

298 745 352 810 οὐκ
371 743 415 813 ἔτι
436 744 468 810 δὲ
488 746 563 809 ἄλλ’
581 743 648 810 rival
669 749 723 809 τοῦ
752 745 879 819 ίόντος.
911 753 1031 825 συγχεῖ
1047 746 1077 810 δὲ
1098 744 1150 809 καί
1171 745 1205 808 τό
1225 744 1297 814 leda.
1327 742 1496 809 amends:

299 851 367 916 όντί
390 856 444 916 τοῦ
471 850 572 916 ίόντΑ.
598 859 720 931 συγχεῖ
740 852 770 916 δὲ
794 853 846 917 καί
870 855 904 918 τό
936 852 1089 934 aetatu,
1122 871 1197 916 cum
1219 850 1372 916 Bekkero.
1430 854 1433 859 ’

344 957 451 1023 Facile
479 962 609 1043 apparet
630 977 739 1024 omnes
761 959 819 1024 bas
841 958 991 1024 Zenodoti
1015 959 1187 1042 scripturas
1210 959 1341 1022 vitiosas
1365 975 1435 1020 esse
1462 956 1498 1018 et

298 1083 475 1149 perversas,
506 1063 560 1129 sed
590 1083 652 1128 non
684 1066 746 1150 ipsi
775 1063 933 1131 Zenodotc
964 1063 1184 1150 imputandas,
1218 1063 1270 1128 sed
1294 1061 1387 1127 libris
1411 1079 1499 1145 quos

299 1169 504 1254 sequebatur,
537 1169 570 1234 id
600 1189 723 1255 quoque
753 1173 830 1236 setis
861 1192 1009 1257 apparere
1033 1170 1177 1236 arbitror.
1225 1167 1297 1234 Non
1318 1166 1375 1232 ille
1398 1167 1497 1232 bonis

299 1274 490 1341 lectionibus
520 1275 622 1341 melas
650 1277 876 1361 anteponebat,
902 1277 956 1342 sed
979 1298 1041 1343 non
1064 1276 1202 1342 habebat
1223 1273 1381 1340 meliores.
1429 1272 1498 1338 Re·

299 1381 491 1468 prehendere
521 1389 630 1446 autem
659 1381 855 1448 Zenodotum
887 1383 971 1469 quod
997 1382 1056 1448 illa
1076 1387 1205 1448 vetusta
1226 1381 1384 1446 librorum
1408 1380 1497 1444 vitia

299 1508 362 1554 non
385 1487 517 1553 sustulit
540 1487 669 1573 perinde
692 1494 740 1553 est
763 1509 799 1554 ac
822 1491 849 1554 si
872 1493 943 1574 quis
965 1489 1063 1555 vellet
1086 1487 1282 1554 Zenodotum
1308 1489 1497 1571 vituperare

300 1594 384 1680 quod
405 1614 468 1659 non
492 1600 573 1659 esset
595 1595 807 1660 Aristarchus.
842 1595 953 1681 Itaque
973 1594 1134 1669 Ζηνόδοτος
1154 1595 1272 1675 γράφει
1294 1591 1378 1657 nihil
1400 1589 1495 1656 aliud

300 1697 459 1787 significat
488 1720 586 1785 quam
614 1700 658 1764 sic
680 1700 820 1784 οονιρίωυι
843 1725 903 1766 ecee
925 1705 960 1766 in
982 1701 1135 1768 Zenodoti
1156 1701 1293 1766 editione
1316 1719 1355 1764 ex
1377 1696 1492 1774 libris,

300 1807 356 1889 qui
384 1804 442 1872 illa
470 1811 573 1870 aetate
603 1807 827 1892 suppetebant,
852 1810 1035 1894 composita.
1084 1807 1199 1872 Omnia
1222 1806 1299 1871 haec
1322 1803 1493 1870 emendavit

299 1910 502 1976 Aristarchus
534 1917 566 1976 et
596 1911 687 1978 libris
716 1912 812 2001 longe
843 1913 988 1998 pluribus
1018 1920 1050 1980 et
1080 1912 1266 1978 melioribus
1297 1911 1428 1976 adiutus
1459 1914 1495 1975 et

300 2037 378 2082 usus
407 2016 466 2082 illa
495 2017 677 2083 admirabili
704 2019 874 2104 ἀγχινοίᾳ,
906 2019 1008 2106 qualis
1031 2024 1252 2105 praeterquam
1276 2020 1492 2084 mamistrae

300 2127 335 2188 in
357 2122 447 2188 nullo
470 2121 533 2189 elio
556 2144 711 2209 umquam
734 2125 808 2191 fuit.

346 2229 383 2294 In
411 2249 474 2294 uno
497 2234 626 2294 tantum
649 2229 725 2295 libri
747 2234 846 2318 primi
869 2231 937 2298 loco
960 2231 1162 2298 Aristarchus
1184 2229 1378 2296 Zenodoteae
1400 2230 1490 2296 lecti-

301 2338 369 2400 onis
402 2335 656 2401 emendationem
689 2338 852 2424 ingeniose
886 2342 920 2403 et
953 2344 1044 2403 acute
1078 2339 1220 2406 instituit
1254 2339 1360 2425 magis
1392 2357 1491 2422 quam

301 2440 442 2526 perfecit.
489 2440 581 2506 Iliad.
604 2460 637 2506 A.
665 2440 740 2507 129.

924 2549 953 2618 εί
974 2551 1009 2618 κέ
1032 2554 1098 2617 πυόν
1124 2550 1200 2624 Ζεύς

528 2655 599 2736 δῷσι
623 2656 711 2723 πόλιν
734 2657 843 2738 Τροίην
867 2659 1023 2740 εὐτείχεον
1046 2655 1259 2736 ἐξαλαπάξαι.

347 2762 433 2828 Audi
463 2763 701 2830 Aristarchum:
732 2765 763 2842 (ri
787 2765 881 2841 διπλῆ
905 2763 1134 2846 περιεςιγμένη)
1157 2761 1202 2829 ότι
1229 2761 1390 2836 Ζηνόδοτος
1413 2763 1490 2845 ypol-

302 2875 356 2949 φει
390 2867 554 2947 Τροίην,
583 2871 620 2940 ὥς
648 2868 698 2932 ἐπὶ
723 2871 777 2944 την
797 2869 891 2935 Ἴλιον
914 2869 1098 2950 βουλόμενος
1123 2869 1266 2948 γενέσθαι
1290 2872 1346 2942 τὴν
1369 2871 1490 2951 ἀναφο-

301 2974 367 3054 ροίν.
399 2972 562 3047 οίπιόοίνως.
596 2972 707 3048 ἄδηλον
736 2975 800 3055 γὰρ
824 2971 857 3050 ἦν
881 2977 907 3041 εί
931 2977 1050 3041 taraco
1073 2976 1181 3051 αὐτόν.
1206 2971 1267 3042 ἕσιν
1290 2970 1339 3040 οὖν
1359 2976 1373 3039 ό
1395 2973 1490 3053 λόγος

304 3079 370 3159 περὶ
401 3082 477 3157 ροιοῖς
513 3078 630 3158 πόλεως
659 3086 717 3146 τῶν
747 3083 910 3162 περιοίκων.
934 3081 1056 3154 τούτοις
1080 3082 1142 3161 ’γὰρ
1165 3082 1281 3159 ἐπόρόει
1305 3079 1490 3162 Ἀχιλλεύς.

303 3185 345 3250 διὸ
377 3185 429 3249 καί
460 3185 491 3248 ίυ
515 3193 625 3251 TPICl
649 3185 830 3266 συλλαβαῖς
857 3187 1115 3264 ἀναγινώσκεται.
1162 3186 1251 3254 Haec
1275 3189 1490 3271 Aristonicus,

304 3293 359 3375 qui
383 3290 471 3355 addit
493 3289 533 3356 ad
557 3311 604 3358 ss.
631 3289 707 3358 164.

929 3399 1042 3467 όππόπ’
1069 3401 1197 3481 Ἀχαιοί

526 3503 634 3584 Τρώων
656 3505 819 3587 ἐκπέρσως’
842 3507 1033 3585 εὐναιόμενον
1057 3510 1240 3589 πτολίεθρον.

305 3607 335 3698 (ἡ
360 3609 479 3694 διπλῆ).
498 3607 544 3674 ὅτι
570 3611 702 3694 φανερὸν
725 3613 759 3676 ε’νι
782 3612 890 3678 τοιίτου
914 3615 952 3685 ὦς
977 3615 1029 3678 καί
1055 3615 1084 3679 ἐν
1108 3623 1170 3687 τοῖς
1195 3613 1296 3680 ἔποίνυ
1321 3613 1390 3694 περί
1411 3637 1490 3686 τινος

302 3723 361 3782 τῶν
385 3717 557 3797 περιχώρων
580 3716 625 3788 ἐς)
650 3717 767 3784 πόλεων
791 3717 804 3782 ό
828 3718 931 3798 λόγος.
977 3721 1153 3786 Aristarchi
1176 3724 1401 3788 correctionem
1420 3740 1491 3806 pro

303 3822 393 3888 bavit
422 3827 455 3887 et
479 3843 562 3889 novo
586 3831 776 3913 argumento
798 3825 957 3891 stabilivit
979 3824 1180 3892 Herodianus
1204 3827 1243 3892 ad
1266 3848 1313 3893 vs.
1340 3823 1415 3890 129.
1440 3825 1491 3890 his

302 3928 425 3995 verbis:
458 3929 620 4008 Τροίηςτ
647 3929 740 4002 οὕτως
767 3929 951 4014 Ἀρίςαρχος
982 3934 1276 4014 τρισυλλάβως
1308 3934 1359 3998 καί
1386 3929 1491 3996 details

304 4035 355 4098 καί
382 4035 412 4098 ἐν
435 4043 473 4115 τῇ
498 4044 527 4100 A
552 4045 608 4111 τῆς
630 4036 814 4108 Ὀδυσσείας
840 4037 944 4124 (510.)

439 4140 503 4216 ἤτοι
526 4135 574 4206 ὅτ’
596 4142 683 4224 ἀμφὶ
709 4143 797 4208 πόλιν
820 4147 965 4225 Τροίην
988 4145 1182 4228 φραζοίμεθα
1204 4143 1334 4225 βουλοίς.

304 4245 356 4310 καί
387 4244 510 4320 ἒπείσόη
542 4249 626 4328 αὐτῷ
659 4250 676 4322 η
709 4248 888 4329 παροίδοοις.
921 4249 965 4319 ἔςι
997 4254 1028 4318 δὲ
1059 4257 1112 4317 καί
1136 4252 1171 4316 τό
1194 4261 1249 4328 τῆς
1272 4255 1410 4334 χρύσειος
1435 4257 1492 4325 τῆς

305 4353 471 4431 Ὁμηρικῆς
496 4352 609 4430 ίδίωμα
633 4353 864 4434 παραφυλάξαι
890 4353 982 4430 οὕτως
1002 4361 1040 4429 ὥς
1061 4354 1106 4422 ὅτι
1127 4357 1213 4424 είπου
1232 4361 1319 4438 λέγει
1339 4360 1374 4425 τό
1394 4359 1491 4440 Τροία

306 4454 409 4546 (Τροίη
434 4455 512 4550 leg.)
538 4458 737 4542 δισυλλάβως
759 4461 902 4530 niliacas
926 4463 1065 4548 ἐπιφέρει
1088 4466 1123 4529 τό
1154 4467 1272 4542 πόλις
1303 4461 1377 4532 οἷον·
