3342 5080
887 340 953 412 560

316 535 410 621 piioo
438 534 630 620 repetitoooot
652 541 680 599 et
702 540 863 619 ορροσθιιιισ
885 533 1126 617 ioteopositorom
1147 533 1275 618 mirifico
1296 534 1437 610 ἄσθσσθσθ,
1461 529 1515 595 sed

322 650 351 708 ot
367 643 573 730 popularitate
594 649 682 727 etque
703 641 847 705 verietate
868 639 1029 722 imopioom
1053 648 1081 704 et
1099 640 1261 704 dictionum
1283 641 1457 726 capitequo
1476 639 1514 702 do

317 771 426 831 ρσιισισ
454 756 497 813 est
529 747 675 814 oculeum
705 767 850 813 exserens
880 747 1021 831 scorpius
1053 750 1085 811 et
1114 745 1278 812 subletum
1308 767 1385 811 oum
1415 745 1514 811 minis

322 855 562 932 circumferens,
593 854 663 918 item
693 850 1010 932 συνδιαβαττθζεσθαι
1038 859 1066 916 et
1089 851 1255 931 μοσχεθεικ
1279 859 1309 916 et
1330 873 1515 933 τεταριχευ-

321 958 410 1038 μένος
433 961 552 1046 obioqoo
570 959 618 1024 ot
635 959 762 1044 similia,
782 981 857 1045 quoe
876 958 928 1044 qoo'
942 956 1074 1039 Φορτικοθ
1092 958 1197 1043 aione,
1209 981 1321 1042 parom
1339 960 1421 1023 obest
1440 957 1515 1044 quio

321 1088 372 1148 ορο
398 1067 477 1129 aiom
499 1066 631 1149 desipere
653 1071 681 1128 ot
703 1065 887 1150 eloquentiae
908 1071 1046 1128 ιιοθιιτσοι
1068 1064 1208 1146 ι’ριιοτονο
1227 1071 1328 1148 postor
1351 1067 1386 1130 ιἰι
1408 1065 1514 1128 umbro

317 1172 593 1255 ρτοιιιιιιοθθοοναιιι,
622 1171 675 1256 qui
707 1193 772 1234 οαιιι
796 1193 853 1254 per
882 1193 991 1235 οιιιιιοιιι
1023 1177 1147 1235 oetatem
1177 1171 1259 1234 notit
1284 1193 1344 1236 κοιι
1366 1170 1512 1236 minutum

321 1301 414 1364 oeque
436 1277 568 1341 ἰοθαιικοι
588 1275 764 1360 oopitort‘ot,
776 1277 923 1359 flopitore
941 1278 1052 1340 audent
1070 1285 1104 1342 αθ
1123 1285 1253 1342 nostrum
1273 1284 1303 1341 ot
1321 1279 1358 1341 do
1378 1278 1513 1342 oratione

322 1392 350 1450 ot
373 1386 410 1448 de
431 1383 561 1447 dictione
583 1381 728 1446 iodicium
750 1383 887 1446 sordibus
910 1405 1008 1447 οοτιιιιι
1025 1382 1295 1448 σοοοιιιικοιθσοιασ.”
1340 1383 1511 1449 Eximium

322 1491 408 1555 huno
430 1488 538 1555 looum
562 1490 622 1554 etsi
644 1487 753 1573 paullo
776 1486 954 1577 longiorem
977 1509 1038 1556 non
1063 1511 1136 1554 sum
1158 1494 1312 1577 gravatus
1337 1489 1513 1556 describere

324 1597 510 1683 praesertim
534 1596 569 1659 in
591 1596 755 1659 iuniorum
777 1597 937 1681 gratiam,
960 1600 998 1660 ut
1020 1594 1094 1661 inde
1113 1596 1235 1662 dissent
1252 1601 1390 1662 emtores
1407 1595 1515 1684 legere

323 1706 356 1768 st
386 1702 588 1787 interpretari
618 1699 719 1785 deque
742 1720 851 1765 eorum
874 1703 1000 1786 seriptis
1023 1700 1104 1768 serre
1126 1703 1327 1766 sententiam.
1373 1700 1515 1787 Lepidus

323 1812 371 1873 est
399 1806 549 1873 Reislrius
571 1813 634 1878 τοῖς
657 1814 889 1886 γραμματικοῖς
914 1805 1207 1889 διαβαττιζθμενος,
1233 1828 1310 1893 quos
1332 1807 1456 1872 multos
1481 1808 1514 1871 in

323 1916 392 1980 vite
415 1917 448 1978 st
469 1911 680 1993 μικροψθχιυι
706 1910 878 1978 admodum
902 1920 934 1980 et
956 1915 991 1978 in
1010 1934 1043 1980 ss
1061 1916 1243 1999 periniquos
1262 1917 1413 2000 expertus
1431 1916 1513 1979 eret:

324 2015 403 2093 ἦσαν
425 2018 451 2083 t’
474 2019 507 2084 σθ
532 2017 648 2089 πάντες
671 2018 770 2083 κακοί.

368 2227 520 2293 Studium
550 2227 633 2292 illud
665 2228 906 2315 popularitatis,
938 2251 1017 2315 quse
1050 2251 1112 2295 non
1132 2233 1241 2296 minus
1274 2233 1307 2294 in
1331 2230 1513 2305 sententiis,

324 2334 541 2422 argumentis,
573 2334 728 2420 exemplis
758 2341 791 2400 et
820 2337 1109 2422 comparationibus
1132 2359 1171 2402 ex
1195 2340 1280 2402 vitoe
1302 2358 1364 2401 usu
1385 2337 1511 2422 petitis,

324 2460 420 2524 quum
452 2441 486 2504 in
518 2439 655 2506 dictione
684 2446 716 2507 st
746 2442 851 2508 verbis
873 2444 1031 2519 cernitur,
1055 2442 1142 2507 idem
1166 2448 1295 2528 opporet
1315 2445 1349 2507 in
1373 2444 1513 2507 oratione

324 2547 396 2610 κατ’
427 2545 665 2627 Ἀριςιγεθτσνοο
695 2551 791 2632 atque
821 2550 855 2613 in
884 2549 925 2612 iis
955 2568 1036 2633 quos
1064 2552 1172 2613 nostro
1194 2551 1351 2614 memorio
1373 2551 1514 2633 repertos

323 2656 399 2717 sunt
430 2653 502 2732 θτὲρ
529 2651 723 2729 Εὐξειθττου
746 2660 780 2719 st
802 2655 952 2738 coeteris,
976 2675 1054 2740 quas
1078 2675 1145 2720 esse
1168 2653 1369 2741 Hyperidess
1392 2657 1514 2718 constet

322 2760 406 2823 inter
446 2779 566 2824 omnes.
638 2759 684 2825 Ut
718 2759 944 2845 Euxenippum
979 2760 1148 2826 defendens
1183 2763 1228 2826 sio
1263 2759 1404 2825 orditur:
1441 2759 1513 2822 σῖιιι

324 2860 445 2947 ἔγωγε,
477 2859 498 2927 ὦ
531 2863 634 2942 ἄνδρες
667 2864 808 2941 truncat,
840 2863 913 2946 ὅπερ
945 2867 997 2929 καὶ
1029 2865 1101 2945 opi:
1134 2865 1203 2938 τοὺς
1239 2864 1513 2955 παρακαθημένους

323 2969 432 3049 αρτθιος
469 2967 597 3048 ἔλεγον,
634 2971 781 3053 θαυμάζω
818 2972 843 3036 si
878 2973 923 3049 uio
959 2973 1159 3052 τροτθςαιιται
1194 2975 1265 3050 ὑμῖν
1300 2973 1333 3036 oti
1371 2977 1512 3036 τοιαῦται

325 3075 544 3160 εἰσαγγελίαι,
568 3079 614 3141 sie
636 3078 890 3165 Aristogitonem
913 3099 1061 3144 ascusam
1081 3082 1129 3144 its
1147 3081 1278 3164 insipit:
1298 3075 1400 3143 τιθλαι
1422 3079 1512 3152 uoti·

323 3203 429 3260 μενος,
462 3177 482 3244 ὦ
513 3179 617 3262 ἄνδρες
651 3182 794 3260 δικσςαθ,
819 3184 871 3248 καὶ
897 3189 1135 3264 κατηγοροῦντος
1160 3185 1276 3249 οὶκοθαν
1301 3181 1401 3263 ὥσπερ
1428 3185 1513 3260 ὑμεῖς

324 3286 501 3367 Λυκούργου
525 3281 556 3353 ἓν
579 3288 767 3367 τεθαύμακα
789 3291 854 3356 κτὲ.
902 3291 987 3371 Quid
1010 3291 1109 3357 simul
1131 3294 1238 3359 verius
1263 3296 1311 3356 est
1334 3295 1367 3356 st
1387 3289 1515 3356 eviden-

323 3396 389 3459 tius
419 3414 516 3479 quom
547 3394 630 3480 quod
660 3398 769 3461 statim
805 3397 844 3462 ab
872 3398 966 3462 initio
993 3395 1093 3463 dixit:
1126 3399 1279 3479 κεκρίσθαι
1309 3397 1345 3460 τὸ
1378 3399 1513 3476 πρᾶγμα

313 3608 425 3693 socero
455 3608 496 3670 od
522 3629 602 3672 rom.-
634 3607 659 3670 si
691 3607 749 3686 μέν
779 3609 851 3672 εἰσιν
884 3609 965 3686 ὑμῶν
996 3611 1022 3674 oi
1053 3618 1174 3679 τλεῖςοι
1204 3605 1256 3674 οἷοι
1279 3608 1349 3680 τοὺς
1374 3608 1514 3686 πονηροὺς

321 3716 426 3793 Φιλιῖι
448 3713 596 3797 (inquit),
619 3714 713 3776 molto
737 3715 824 3777 oerbo
843 3715 1040 3800 oequiotquom
1050 3717 1228 3799 perdemus,
1249 3715 1274 3779 oi
1287 3714 1313 3779 t·
1326 3709 1378 3779 οἶοι
1398 3720 1499 3792 μισεῖν
1505 3758 1513 3790 ,

321 3819 403 3882 tonso
426 3817 574 3902 inprobet
596 3818 681 3882 dabit
701 3817 839 3902 poenos.”

367 3922 426 3988 Est
454 3943 565 4008 operae
589 3925 727 4008 pretium
754 3945 790 3990 eo
813 3945 893 4010 quoe
916 3925 1097 4012 Hyperides
1120 3932 1211 3992 eante
1235 3925 1411 3992 admodum
1435 3926 1515 3992 dixit

323 4028 390 4108 περὶ
414 4036 468 4103 τῆς
494 4027 575 4093 ἐνίων
598 4033 817 4111 Φιιοτοιηρθας
842 4051 1028 4117 componere
1048 4053 1121 4098 oum
1142 4031 1351 4119 Theophrasti
1370 4053 1439 4118 oop.
1461 4031 1513 4096 29.

323 4135 380 4200 ubi
403 4134 520 4200 dieitur
543 4135 557 4197 i
581 4135 782 4216 Φιλοτιθνιιρος
805 4140 836 4200 in
862 4137 994 4203 oonsilio
1016 4139 1126 4204 sedens
1150 4141 1222 4219 πρὸς
1243 4141 1312 4209 τοὺς
1335 4141 1515 4219 παρακαθη-

322 4239 431 4319 μένους
461 4240 558 4304 εἰπεῖν
590 4241 681 4314 δεινὸς
710 4245 748 4316 οῖς
772 4244 805 4308 οὐ
829 4241 878 4307 δεῖ
897 4244 948 4308 riv
972 4241 1065 4325 ἄνδρα
1091 4246 1179 4310 ἄλλα
1202 4247 1237 4310 τὸ
1262 4247 1402 4324 steppo
1426 4245 1515 4326 κρίκε·

323 4344 408 4410 σθαι·
444 4343 495 4409 καὶ
530 4353 632 4424 Φῆσαι
667 4347 760 4414 αὐτὸν
796 4347 873 4414 κθνα
907 4345 983 4414 εἶναι
1015 4355 1069 4416 τοῦ
1099 4352 1214 4430 δήμου,
1246 4349 1422 4433 Φολοθττειν
1454 4353 1515 4430 γὰρ

233 4449 235 4454 ’
325 4448 419 4516 αὐτὸν
441 4450 512 4522 τοὺς
536 4451 732 4528 ἀδικοῦντας·
758 4454 809 4519 καὶ
837 4457 933 4521 εἰπεῖν
955 4459 994 4530 ὥς
1020 4459 1107 4540 »οὐχ
1131 4455 1240 4538 ἕξομεν
1262 4457 1331 4530 τοὺς
1357 4459 1433 4540 ὑπὲρ
1460 4462 1515 4522 τῶν
