3308 5090
896 367 961 434 142

333 555 460 640 ἔρχεται
490 567 533 625 σοί
562 557 679 624 vitium.
720 557 792 624 Hoc
822 579 936 624 verum
966 563 1015 623 est
1045 563 1078 623 et
1096 559 1254 638 Ἄρχετοιι
1276 557 1527 623 rescribendum.

332 664 422 732 Tom.
455 667 496 732 Π.
528 665 603 734 387.
635 664 664 733 7.
700 660 776 746 ἦρχε
797 666 854 740 μὲν
878 666 892 729 ὃ
916 664 1038 748 ἄρχον,
1063 663 1174 743 ἤρχετο
1200 665 1231 729 δὲ
1256 664 1270 727 ί
1294 666 1466 743 ἀρχόμενος
1492 666 1528 730 in

332 771 396 838 alio
420 773 581 852 ἐρχόμενος
606 771 743 860 legitur:
767 771 849 836 nihil
871 773 906 836 hi
929 773 1075 836 homines
1097 775 1249 859 cogitant.
1290 774 1473 851 Ὀρχεῖσίοιι
1496 781 1528 835 st

333 876 485 958 ἄρχεσθαι
515 878 644 944 confusa
673 885 748 942 sunt
771 876 863 943 Tom.
887 877 927 942 Π.
952 875 1027 942 382.
1054 876 1085 942 6.
1110 878 1165 942 ubi
1188 877 1354 943 saltatores
1376 878 1529 942 dicuntur

334 1003 443 1070 operas
467 984 638 1050 theatrales
662 984 836 1062 διατρέφειν
860 985 991 1064 ἀργυρίῳ
1014 989 1064 1047 νῦν
1088 985 1143 1059 μὲν
1169 989 1284 1048 πλείονι
1309 988 1357 1046 νῖιν
1379 984 1409 1049 δὲ
1432 983 1527 1047 ἕλοίτ-

333 1114 412 1156 τονι.
446 1091 588 1155 ἐλάττονι
621 1094 677 1166 μὲν
709 1091 801 1156 ίπίτε
828 1091 1011 1171 ἡονχοίζοιεν
1035 1090 1152 1154 πλείονι
1173 1087 1204 1154 δὲ
1229 1088 1322 1154 ίπδτε
1339 1093 1527 1171 Ἄρχοιντο.

333 1195 461 1282 Optime
484 1196 633 1262 Reiskius
655 1197 746 1262 ίπίτε
771 1201 932 1278 Ὀρχοῑντο
955 1200 1100 1263 correxit.

748 1412 879 1491 ’Λφῆιια
904 1447 944 1458 -
971 1412 1107 1490 Ἐφνῑιια.

379 1561 457 1627 Loci
486 1567 559 1627 sunt
591 1562 838 1628 innumerabiles
866 1563 921 1628 ubi
944 1563 1022 1628 baso
1045 1561 1143 1627 stulte
1167 1565 1251 1627 inter
1274 1582 1307 1627 ss
1331 1559 1527 1626 confundun-

334 1673 396 1732 tur.
433 1665 523 1734 Dabo
550 1667 587 1732 de
611 1667 761 1752 plurimis
783 1689 908 1754 paucos.
934 1667 1027 1735 Tom.
1051 1668 1077 1734 Ι.
1103 1666 1179 1732 614.
1207 1667 1259 1733 12.
1284 1665 1437 1752 (Iulianus
1460 1687 1530 1732 mo-

334 1776 466 1852 riturus)
500 1773 643 1849 δεομένων
675 1781 733 1838 τῶν
764 1775 863 1852 φίλιον
891 1777 1051 1854 α’ποφῆναι
1083 1783 1137 1850 τῆς
1168 1778 1268 1853 ἀρχῆς
1300 1772 1482 1853 κληρονόμον
1509 1809 1530 1822 -

334 1880 458 1958 ’Λφῆιιε
486 1891 525 1963 τῇ
553 1887 666 1963 ςρατιοῖ
698 1883 752 1956 τὴν
780 1887 905 1959 ψῆφον,
934 1885 1001 1948 imo
1023 1901 1098 1948 vero
1122 1880 1241 1961 Ἐφῆκε
1264 1880 1410 1964 permisit.
1434 1877 1529 1945 Tom.

334 1983 373 2050 Π.
404 1983 470 2050 300
507 1985 536 2050 3.
562 1987 632 2057 τοὺς
655 1996 710 2060 τῆς
735 1987 903 2064 βασιλείας
929 1989 1025 2061 αὐτῆς
1049 1985 1314 2064 ε’πιτείνμιρκίτας
1341 2022 1361 2034 -
1381 1985 1531 2064 ε’ρριίσατί

334 2115 370 2154 τε
393 2091 445 2155 καί
471 2091 523 2173 ζῆν
549 2091 684 2172 ’λφῆιιε
721 2090 879 2159 Graecum
900 2101 947 2160 est
970 2094 1086 2176 ζῶντας
1109 2095 1232 2171 ιίφῆκε,
1253 2098 1291 2157 ut
1310 2096 1344 2157 in
1361 2091 1531 2178 proverbio
1649 2154 1650 2179 χ

334 2200 369 2262 in
393 2199 539 2285 garrulos
562 2197 648 2278 ζῶντ’
672 2197 773 2279 ἄφες,
798 2201 881 2285 quod
904 2200 1040 2266 Plautus
1064 2202 1174 2266 vertit:

697 2306 787 2370 σιίοίίο
809 2307 909 2370 abeam
934 2307 1001 2370 viva
1023 2331 1042 2370 ιι
1065 2309 1153 2370 vobis.

380 2409 509 2495 Repone
539 2413 641 2499 igitur
673 2409 724 2490 ζεῖν
756 2413 874 2488 Ἐφῆνιε
907 2418 939 2476 et
970 2420 1041 2497 post
1067 2433 1167 2498 pauca
1198 2412 1343 2489 βασιλεῖς
1377 2409 1527 2492 ’ἐφέντες

335 2520 519 2594 ςρατιώταις
551 2517 698 2597 οίρποίζειν
721 2539 777 2603 pro
800 2517 944 2589 οίφέντες.
970 2516 1061 2584 Τοω.
1085 2517 1139 2582 Ν.
1164 2516 1242 2582 474.
1270 2521 1321 2582 11.
1345 2526 1407 2581 τοῖο
1434 2530 1527 2580 πολε-

335 2622 415 2698 μίοις
440 2627 584 2700 Ἀφεῖναι
609 2625 785 2690 κατασείειν
809 2625 844 2688 τὸ
868 2633 991 2704 τεῖχοο.
1016 2621 1081 2712 leg.
1108 2623 1263 2700 Ἐφεῖναι.
1298 2619 1416 2688 Contra
1435 2621 1526 2688 Tom.

333 2727 378 2793 IV
412 2727 488 2794 479.
518 2732 569 2794 14.
593 2730 670 2808 μηδὲ
694 2732 748 2806 τίον
770 2732 861 2807 ίρρίρν
884 2732 927 2804 είς
951 2728 1004 2794 ἕνα
1028 2734 1087 2794 τῶν
1110 2731 1164 2810 ὑφ’
1190 2731 1271 2804 ὑμῶν
1295 2731 1526 2802 πεπιςευμένων

335 2837 456 2915 Ἐφῆτε
480 2839 637 2902 sententis
655 2837 822 2901 manifesto
840 2837 980 2921 postulat
998 2839 1133 2912 Ἀφῆτε.
1166 2835 1316 2902 Reiskius
1335 2840 1369 2901 in
1390 2837 1528 2912 talibus,

334 2943 419 3027 quod
450 2945 568 3019 miror,
601 2941 685 3007 nibil
709 2947 818 3008 cernit.
854 2939 1001 3007 Retinuit
1024 2943 1156 3008 ethaeo
1180 2946 1287 3008 omnia
1311 2953 1343 3008 st
1367 2940 1459 3008 Tom.
1486 2938 1527 3006 Π.

337 3047 412 3112 175.
445 3044 497 3113 10.
531 3040 560 3112 ἓν
587 3050 677 3112 εἰπὼν
708 3049 769 3112 δεῖν
799 3051 843 3124 αίρ
867 3058 960 3113 ποιεῖν
985 3043 1093 3113 τοῖλλα
1118 3049 1223 3113 ποίντοι
1249 3051 1404 3126 Ἀφῆιιοις.
1443 3047 1530 3112 Satis

333 3156 537 3240 perspicuum
583 3159 630 3218 est
664 3151 836 3219 libanium
874 3156 1008 3220 dixisse:
1044 3155 1161 3242 reliqua
1198 3156 1297 3220 οιιιιιίο
1330 3173 1528 3224 Ρολαιειεπ,

335 3262 488 3342 ’θφῆκοοα

551 3489 660 3536 ms
684 3489 727 3536 EX
751 3487 941 3540 commus
964 3492 1052 3539 m}
1075 3491 1186 3542 mons
1209 3493 1302 3542 osu.

378 3621 531 3687 Libanius
554 3620 606 3686 IV.
633 3620 709 3688 760.
733 3619 764 3688 7.
785 3623 855 3687 τίνα
876 3624 906 3686 δὲ
926 3625 1023 3703 τούτῳ
1042 3627 1188 3710 (veneno)
1209 3628 1383 3708 διαφθεῖραι
1405 3653 1527 3710 προερρη·

332 3724 420 3803 μένος
453 3729 604 3808 περιῄεινς
634 3727 757 3808 πίτερον
781 3729 899 3803 ταύτην
924 3729 941 3804 ἢ
966 3731 1016 3794 τὸν
1041 3731 1182 3818 πατίρα;
1208 3737 1276 3798 καθ’
1301 3735 1441 3812 έιιοίτερον
1462 3735 1528 3814 γὰρ

334 3835 430 3905 αὐτὴν
464 3837 730 3904 συκοφαντοῦσίοιι
756 3835 952 3911 ἐπιδείξομεν.
990 3835 1172 3904 Monstrum
1197 3841 1344 3906 vocabuli
1368 3847 1415 3907 est
1437 3865 1528 3904 συκο-

332 3939 544 4023 φαντοῦοίαι,
570 3941 740 4006 barbarum
764 3947 812 4006 est
836 3947 868 4006 et
892 3941 991 4006 simul
1014 3965 1088 4008 sum
1113 3942 1233 4011 Graeca
1257 3949 1384 4032 syntaxi
1409 3952 1441 4011 et
1463 3945 1527 4012 loci

333 4049 489 4112 sententis
517 4067 671 4134 pugnans.
720 4045 841 4112 Tamen
872 4047 1025 4115 facillime
1053 4053 1217 4116 sanabitur
1240 4052 1379 4118 malum:
1404 4055 1527 4118 eratin

333 4149 448 4218 Oodics
477 4155 632 4237 seriptum
664 4160 880 4232 consumamto
910 4176 984 4220 cum
1013 4158 1230 4242 compendiolo
1253 4183 1291 4221 οιν
1315 4157 1526 4246 significante.

332 4257 467 4323 Putavit
498 4257 647 4323 Reiskius
680 4258 749 4342 (sut
782 4259 927 4341 Rsislsis)
953 4283 1009 4348 pro
1032 4275 1107 4329 noto
1131 4265 1316 4349 compendio
1338 4265 1479 4330 litteram
1505 4261 1529 4328 3

331 4385 365 4430 ss
385 4363 493 4430 vidore
516 4368 548 4428 st
572 4367 617 4429 sis
643 4371 825 4451 portentum
849 4373 1140 4450 σοιιοφοιντοῠσΘΑΙ
1165 4381 1278 4436 natum
1299 4377 1347 4437 est
1365 4391 1422 4455 pro
1441 4389 1529 4436 συνιο·

332 4475 547 4552 φαντοῖισΛΝ.
