<?xml version="1.0" encoding="UTF-8"?>
<!DOCTYPE html PUBLIC "-//W3C//DTD XHTML 1.0 Transitional//EN"
    "http://www.w3.org/TR/xhtml1/DTD/xhtml1-transitional.dtd">
<html xmlns="http://www.w3.org/1999/xhtml" xml:lang="en" lang="en">
 <head>
  <title>
</title>
<meta http-equiv="Content-Type" content="text/html;charset=utf-8" />
  <meta name='ocr-system' content='tesseract 3.04.00' />
  <meta name='ocr-capabilities' content='ocr_page ocr_carea ocr_par ocr_line ocrx_word'/>
</head>
<body>
  <div class='ocr_page' id='page_1' title='image "./miscellaneacrit00cobegoog_0498.png"; bbox 0 0 3356 5084; ppageno 0'>
   <div class='ocr_carea' id='block_1_1' title="bbox 708 405 774 475">
    <p class='ocr_par' dir='ltr' id='par_1_1' title="bbox 708 405 774 475">
     <span class='ocr_line' id='line_1_1' title="bbox 708 405 774 475; baseline 0 -1"><span class='ocrx_word' id='word_1_1' title='bbox 708 405 774 475; x_wconf 84' lang='grc'><strong>483</strong></span> 
     </span>
    </p>
   </div>
   <div class='ocr_carea' id='block_1_2' title="bbox 140 593 1334 896">
    <p class='ocr_par' dir='ltr' id='par_1_2' title="bbox 140 593 1334 896">
     <span class='ocr_line' id='line_1_2' title="bbox 141 593 1334 687; baseline 0.003 -25"><span class='ocrx_word' id='word_1_2' title='bbox 141 599 175 662; x_wconf 87' lang='grc'><strong>11</strong></span> <span class='ocrx_word' id='word_1_3' title='bbox 195 593 231 659; x_wconf 92' lang='lat' dir='ltr'><strong>in</strong></span> <span class='ocrx_word' id='word_1_4' title='bbox 256 613 290 658; x_wconf 84' lang='lat' dir='ltr'><strong>re</strong></span> <span class='ocrx_word' id='word_1_5' title='bbox 313 599 422 681; x_wconf 84' lang='lat' dir='ltr'><strong>aperta</strong></span> <span class='ocrx_word' id='word_1_6' title='bbox 444 596 637 662; x_wconf 85' lang='lat' dir='ltr'><strong>sententiam</strong></span> <span class='ocrx_word' id='word_1_7' title='bbox 659 599 919 683; x_wconf 79' lang='lat' dir='ltr'><strong>neoteeepernnt</strong></span> <span class='ocrx_word' id='word_1_8' title='bbox 940 601 1111 687; x_wconf 77' lang='lat' dir='ltr'><strong>magistri,</strong></span> <span class='ocrx_word' id='word_1_9' title='bbox 1134 601 1190 668; x_wconf 87' lang='lat' dir='ltr'><strong>sed</strong></span> <span class='ocrx_word' id='word_1_10' title='bbox 1211 603 1245 666; x_wconf 91' lang='lat' dir='ltr'><strong>in</strong></span> <span class='ocrx_word' id='word_1_11' title='bbox 1264 620 1334 666; x_wconf 79' lang='lat' dir='ltr'><strong>ver·</strong></span> 
     </span>
     <span class='ocr_line' id='line_1_3' title="bbox 141 699 1334 783; baseline 0.005 -17"><span class='ocrx_word' id='word_1_12' title='bbox 141 701 258 767; x_wconf 85' lang='lat' dir='ltr'><strong>borum</strong></span> <span class='ocrx_word' id='word_1_13' title='bbox 282 699 408 767; x_wconf 83' lang='lat' dir='ltr'><strong>delectu</strong></span> <span class='ocrx_word' id='word_1_14' title='bbox 431 706 464 768; x_wconf 88' lang='lat' dir='ltr'><strong>et</strong></span> <span class='ocrx_word' id='word_1_15' title='bbox 486 701 590 768; x_wconf 82' lang='lat' dir='ltr'><strong>forma</strong></span> <span class='ocrx_word' id='word_1_16' title='bbox 610 702 801 769; x_wconf 87' lang='lat' dir='ltr'><strong>titubarunt.</strong></span> <span class='ocrx_word' id='word_1_17' title='bbox 839 702 958 770; x_wconf 78' lang='lat' dir='ltr'><strong>Fuerat</strong></span> <span class='ocrx_word' id='word_1_18' title='bbox 980 708 1067 772; x_wconf 90' lang='lat' dir='ltr'><strong>enim</strong></span> <span class='ocrx_word' id='word_1_19' title='bbox 1092 704 1277 783; x_wconf 74' lang='grc' dir='ltr'><strong><em>’ΛΓΛοίεἰκ</em></strong></span> <span class='ocrx_word' id='word_1_20' title='bbox 1300 711 1334 772; x_wconf 90' lang='grc'><strong>11</strong></span> 
     </span>
     <span class='ocr_line' id='line_1_4' title="bbox 140 808 1152 896; baseline 0.005 -22"><span class='ocrx_word' id='word_1_21' title='bbox 140 809 520 888; x_wconf 70' lang='grc' dir='ltr'><strong><em>ΚΛΤΛΛεύοΑΝΤθο,</em></strong></span> <span class='ocrx_word' id='word_1_22' title='bbox 544 812 582 874; x_wconf 91' lang='lat' dir='ltr'><strong>ut</strong></span> <span class='ocrx_word' id='word_1_23' title='bbox 599 827 710 874; x_wconf 89' lang='lat' dir='ltr'><strong>omnes</strong></span> <span class='ocrx_word' id='word_1_24' title='bbox 732 813 911 874; x_wconf 77' lang='lat' dir='ltr'><strong>constanter</strong></span> <span class='ocrx_word' id='word_1_25' title='bbox 932 808 1152 896; x_wconf 76' lang='lat' dir='ltr'><strong>loquebantur.</strong></span> 
     </span>
    </p>
   </div>
   <div class='ocr_carea' id='block_1_3' title="bbox 186 1013 1330 1107">
    <p class='ocr_par' dir='ltr' id='par_1_3' title="bbox 186 1013 1330 1107">
     <span class='ocr_line' id='line_1_5' title="bbox 186 1013 1330 1107; baseline 0.003 -24"><span class='ocrx_word' id='word_1_26' title='bbox 186 1021 262 1101; x_wconf 74' lang='lat' dir='ltr'><strong>Peg.</strong></span> <span class='ocrx_word' id='word_1_27' title='bbox 285 1015 362 1083; x_wconf 84' lang='lat'>298.</span> <span class='ocrx_word' id='word_1_28' title='bbox 388 1015 420 1083; x_wconf 88' lang='grc'><strong>6.</strong></span> <span class='ocrx_word' id='word_1_29' title='bbox 444 1016 497 1081; x_wconf 87' lang='grc' dir='ltr'><strong><em>καί</em></strong></span> <span class='ocrx_word' id='word_1_30' title='bbox 521 1015 787 1098; x_wconf 69' lang='grc' dir='ltr'><strong><em>παραλαμβάνειν</em></strong></span> <span class='ocrx_word' id='word_1_31' title='bbox 809 1040 850 1096; x_wconf 91' lang='grc' dir='ltr'><strong>γε</strong></span> <span class='ocrx_word' id='word_1_32' title='bbox 873 1013 946 1096; x_wconf 72' lang='grc' dir='ltr'><strong>ἅμα</strong></span> <span class='ocrx_word' id='word_1_33' title='bbox 966 1028 1005 1102; x_wconf 80' lang='grc' dir='ltr'><strong>τῆ</strong></span> <span class='ocrx_word' id='word_1_34' title='bbox 1029 1019 1187 1107; x_wconf 80' lang='grc' dir='ltr'><strong><em>βακτκρίρ</em></strong></span> <span class='ocrx_word' id='word_1_35' title='bbox 1210 1022 1263 1087; x_wconf 90' lang='grc' dir='ltr'><strong><em>καί</em></strong></span> <span class='ocrx_word' id='word_1_36' title='bbox 1286 1023 1330 1104; x_wconf 76' lang='grc' dir='ltr'><strong>τῷ</strong></span> 
     </span>
    </p>
   </div>
   <div class='ocr_carea' id='block_1_4' title="bbox 7 1121 1331 1212">
    <p class='ocr_par' dir='ltr' id='par_1_4' title="bbox 7 1121 1331 1212">
     <span class='ocr_line' id='line_1_6' title="bbox 7 1121 1331 1212; baseline 0.003 -22"><span class='ocrx_word' id='word_1_37' title='bbox 7 1127 8 1130; x_wconf 65' lang='grc'>’</span> <span class='ocrx_word' id='word_1_38' title='bbox 139 1122 291 1206; x_wconf 77' lang='grc' dir='ltr'><strong><em>συμβέλῳ</em></strong></span> <span class='ocrx_word' id='word_1_39' title='bbox 321 1123 356 1188; x_wconf 76' lang='grc' dir='ltr'><strong>τὸ</strong></span> <span class='ocrx_word' id='word_1_40' title='bbox 386 1121 531 1204; x_wconf 78' lang='grc' dir='ltr'><strong><em>Φρένκμα</em></strong></span> <span class='ocrx_word' id='word_1_41' title='bbox 560 1122 596 1188; x_wconf 80' lang='grc' dir='ltr'><strong>τῦ</strong></span> <span class='ocrx_word' id='word_1_42' title='bbox 629 1131 685 1198; x_wconf 76' lang='grc' dir='ltr'><strong>τῆς</strong></span> <span class='ocrx_word' id='word_1_43' title='bbox 709 1121 827 1197; x_wconf 69' lang='grc' dir='ltr'><strong><em>πόλεως</em></strong></span> <span class='ocrx_word' id='word_1_44' title='bbox 852 1123 1011 1212; x_wconf 79' lang='grc' dir='ltr'><strong><em>[νομίζειν]</em></strong></span> <span class='ocrx_word' id='word_1_45' title='bbox 1036 1122 1145 1196; x_wconf 74' lang='grc' dir='ltr'><strong><em>ἕκατον</em></strong></span> <span class='ocrx_word' id='word_1_46' title='bbox 1168 1131 1251 1206; x_wconf 82' lang='grc' dir='ltr'><strong><em>ὑμῶν</em></strong></span> <span class='ocrx_word' id='word_1_47' title='bbox 1270 1126 1331 1207; x_wconf 77' lang='grc' dir='ltr'><strong><em>δεῖ,</em></strong></span> 
     </span>
    </p>
   </div>
   <div class='ocr_carea' id='block_1_5' title="bbox 139 1229 1333 1956">
    <p class='ocr_par' dir='ltr' id='par_1_5' title="bbox 139 1229 1333 1956">
     <span class='ocr_line' id='line_1_7' title="bbox 139 1229 1331 1319; baseline 0.002 -21"><span class='ocrx_word' id='word_1_48' title='bbox 139 1230 215 1298; x_wconf 82' lang='grc' dir='ltr'><strong><em>ῦταν</em></strong></span> <span class='ocrx_word' id='word_1_49' title='bbox 247 1231 291 1298; x_wconf 83' lang='grc' dir='ltr'><strong><em>τοί</em></strong></span> <span class='ocrx_word' id='word_1_50' title='bbox 322 1229 456 1307; x_wconf 82' lang='grc' dir='ltr'><strong><em>δκμέσια</em></strong></span> <span class='ocrx_word' id='word_1_51' title='bbox 487 1231 601 1304; x_wconf 80' lang='grc' dir='ltr'><strong><em>εἰσίκτε</em></strong></span> <span class='ocrx_word' id='word_1_52' title='bbox 636 1235 811 1309; x_wconf 73' lang='grc' dir='ltr'><strong><em>κρινοῦντες.</em></strong></span> <span class='ocrx_word' id='word_1_53' title='bbox 860 1229 991 1310; x_wconf 75' lang='lat' dir='ltr'>Quoties</span> <span class='ocrx_word' id='word_1_54' title='bbox 1021 1232 1103 1298; x_wconf 81' lang='lat' dir='ltr'><strong>hano</strong></span> <span class='ocrx_word' id='word_1_55' title='bbox 1136 1232 1331 1319; x_wconf 76' lang='lat' dir='ltr'><strong>praeclaram</strong></span> 
     </span>
     <span class='ocr_line' id='line_1_8' title="bbox 141 1333 1331 1425; baseline 0 -21"><span class='ocrx_word' id='word_1_56' title='bbox 141 1341 335 1405; x_wconf 77' lang='lat' dir='ltr'><strong>sententiam</strong></span> <span class='ocrx_word' id='word_1_57' title='bbox 358 1336 468 1424; x_wconf 82' lang='lat' dir='ltr'><strong>relego</strong></span> <span class='ocrx_word' id='word_1_58' title='bbox 490 1338 585 1402; x_wconf 88' lang='lat' dir='ltr'><strong>toties</strong></span> <span class='ocrx_word' id='word_1_59' title='bbox 608 1357 661 1402; x_wconf 91' lang='lat' dir='ltr'><strong>me</strong></span> <span class='ocrx_word' id='word_1_60' title='bbox 684 1335 815 1402; x_wconf 82' lang='lat' dir='ltr'><strong>offendit</strong></span> <span class='ocrx_word' id='word_1_61' title='bbox 836 1333 966 1418; x_wconf 72' lang='grc' dir='ltr'><strong><em>νομίζειν</em></strong></span> <span class='ocrx_word' id='word_1_62' title='bbox 988 1339 1152 1425; x_wconf 86' lang='lat' dir='ltr'><strong>perinepte</strong></span> <span class='ocrx_word' id='word_1_63' title='bbox 1170 1360 1242 1406; x_wconf 91' lang='lat' dir='ltr'><strong>meo</strong></span> <span class='ocrx_word' id='word_1_64' title='bbox 1261 1341 1331 1424; x_wconf 89' lang='lat' dir='ltr'><strong>qui·</strong></span> 
     </span>
     <span class='ocr_line' id='line_1_9' title="bbox 140 1441 1331 1529; baseline -0.001 -18"><span class='ocrx_word' id='word_1_65' title='bbox 140 1445 214 1511; x_wconf 85' lang='lat' dir='ltr'><strong>dem</strong></span> <span class='ocrx_word' id='word_1_66' title='bbox 251 1444 370 1510; x_wconf 87' lang='lat' dir='ltr'><strong>iudieio</strong></span> <span class='ocrx_word' id='word_1_67' title='bbox 404 1442 562 1508; x_wconf 88' lang='lat' dir='ltr'><strong>additum.</strong></span> <span class='ocrx_word' id='word_1_68' title='bbox 615 1441 766 1529; x_wconf 80' lang='lat' dir='ltr'><strong>intelligo</strong></span> <span class='ocrx_word' id='word_1_69' title='bbox 800 1441 878 1526; x_wconf 91' lang='lat' dir='ltr'><strong>quid</strong></span> <span class='ocrx_word' id='word_1_70' title='bbox 907 1445 950 1507; x_wconf 89' lang='lat' dir='ltr'><strong>sit</strong></span> <span class='ocrx_word' id='word_1_71' title='bbox 981 1451 1014 1508; x_wconf 87' lang='lat' dir='ltr'><strong>ot</strong></span> <span class='ocrx_word' id='word_1_72' title='bbox 1045 1444 1185 1511; x_wconf 85' lang='lat' dir='ltr'><strong>admiror</strong></span> <span class='ocrx_word' id='word_1_73' title='bbox 1206 1445 1331 1510; x_wconf 86' lang='lat' dir='ltr'><strong>dietum</strong></span> 
     </span>
     <span class='ocr_line' id='line_1_10' title="bbox 142 1549 1332 1634; baseline 0 -20"><span class='ocrx_word' id='word_1_74' title='bbox 142 1551 292 1629; x_wconf 75' lang='lat' dir='ltr'><strong>„iudicem</strong></span> <span class='ocrx_word' id='word_1_75' title='bbox 322 1555 356 1614; x_wconf 83' lang='grc' dir='ltr'><strong>ιἰι</strong></span> <span class='ocrx_word' id='word_1_76' title='bbox 386 1571 476 1613; x_wconf 83' lang='lat' dir='ltr'><strong>eausa</strong></span> <span class='ocrx_word' id='word_1_77' title='bbox 498 1549 624 1632; x_wconf 77' lang='lat' dir='ltr'><strong>publica</strong></span> <span class='ocrx_word' id='word_1_78' title='bbox 655 1569 774 1631; x_wconf 77' lang='grc' dir='ltr'><strong><em>οισρννοο</em></strong></span> <span class='ocrx_word' id='word_1_79' title='bbox 795 1549 927 1612; x_wconf 65' lang='lat' dir='ltr'><strong>niveam</strong></span> <span class='ocrx_word' id='word_1_80' title='bbox 948 1549 1075 1632; x_wconf 80' lang='lat' dir='ltr'><strong>spiritus</strong></span> <span class='ocrx_word' id='word_1_81' title='bbox 1098 1567 1226 1617; x_wconf 76' lang='grc'><strong>1111111111</strong></span> <span class='ocrx_word' id='word_1_82' title='bbox 1249 1573 1332 1634; x_wconf 78' lang='lat' dir='ltr'><strong>opor-</strong></span> 
     </span>
     <span class='ocr_line' id='line_1_11' title="bbox 139 1651 1333 1738; baseline -0.001 -15"><span class='ocrx_word' id='word_1_83' title='bbox 139 1657 222 1723; x_wconf 76' lang='grc' dir='ltr'><strong><em>ἰοτο”</em></strong></span> <span class='ocrx_word' id='word_1_84' title='bbox 253 1656 310 1722; x_wconf 86' lang='lat' dir='ltr'><strong>sed</strong></span> <span class='ocrx_word' id='word_1_85' title='bbox 341 1677 482 1734; x_wconf 73' lang='lat' dir='ltr'><strong>„nomm</strong></span> <span class='ocrx_word' id='word_1_86' title='bbox 511 1677 543 1720; x_wconf 84' lang='grc' dir='ltr'><strong>οε</strong></span> <span class='ocrx_word' id='word_1_87' title='bbox 572 1651 765 1720; x_wconf 72' lang='grc' dir='ltr'><strong>1111111111υ</strong></span> <span class='ocrx_word' id='word_1_88' title='bbox 798 1653 875 1738; x_wconf 88' lang='lat' dir='ltr'><strong>quid</strong></span> <span class='ocrx_word' id='word_1_89' title='bbox 906 1656 949 1719; x_wconf 84' lang='lat' dir='ltr'><strong>sit</strong></span> <span class='ocrx_word' id='word_1_90' title='bbox 979 1674 1042 1720; x_wconf 89' lang='lat' dir='ltr'><strong>non</strong></span> <span class='ocrx_word' id='word_1_91' title='bbox 1071 1658 1181 1722; x_wconf 85' lang='lat' dir='ltr'><strong>sentio.</strong></span> <span class='ocrx_word' id='word_1_92' title='bbox 1229 1653 1333 1722; x_wconf 86' lang='lat' dir='ltr'>Miror</span> 
     </span>
     <span class='ocr_line' id='line_1_12' title="bbox 140 1758 1331 1850; baseline -0.002 -20"><span class='ocrx_word' id='word_1_93' title='bbox 140 1763 290 1850; x_wconf 84' lang='lat' dir='ltr'><strong>equidem</strong></span> <span class='ocrx_word' id='word_1_94' title='bbox 312 1781 375 1848; x_wconf 89' lang='lat' dir='ltr'><strong>quo</strong></span> <span class='ocrx_word' id='word_1_95' title='bbox 396 1767 490 1848; x_wconf 87' lang='lat' dir='ltr'><strong>paeto</strong></span> <span class='ocrx_word' id='word_1_96' title='bbox 512 1758 642 1840; x_wconf 73' lang='grc' dir='ltr'><strong><em>νομίζειν</em></strong></span> <span class='ocrx_word' id='word_1_97' title='bbox 665 1762 800 1845; x_wconf 87' lang='lat' dir='ltr'><strong>irrepere</strong></span> <span class='ocrx_word' id='word_1_98' title='bbox 822 1762 981 1845; x_wconf 83' lang='lat' dir='ltr'><strong>potuerit,</strong></span> <span class='ocrx_word' id='word_1_99' title='bbox 1004 1761 1094 1827; x_wconf 88' lang='lat' dir='ltr'><strong>nolui</strong></span> <span class='ocrx_word' id='word_1_100' title='bbox 1117 1766 1226 1828; x_wconf 89' lang='lat' dir='ltr'><strong>tamen</strong></span> <span class='ocrx_word' id='word_1_101' title='bbox 1248 1761 1331 1828; x_wconf 88' lang='lat' dir='ltr'><strong>hana</strong></span> 
     </span>
     <span class='ocr_line' id='line_1_13' title="bbox 141 1865 1185 1956; baseline 0 -22"><span class='ocrx_word' id='word_1_102' title='bbox 141 1871 355 1956; x_wconf 78' lang='lat' dir='ltr'><strong>suspicionem</strong></span> <span class='ocrx_word' id='word_1_103' title='bbox 377 1867 504 1934; x_wconf 85' lang='lat' dir='ltr'><strong>silentio</strong></span> <span class='ocrx_word' id='word_1_104' title='bbox 524 1884 684 1953; x_wconf 85' lang='lat' dir='ltr'><strong>premere:</strong></span> <span class='ocrx_word' id='word_1_105' title='bbox 707 1865 865 1932; x_wconf 77' lang='lat' dir='ltr'><strong>indicium</strong></span> <span class='ocrx_word' id='word_1_106' title='bbox 887 1885 984 1952; x_wconf 89' lang='lat' dir='ltr'><strong>penes</strong></span> <span class='ocrx_word' id='word_1_107' title='bbox 1005 1865 1084 1933; x_wconf 87' lang='lat' dir='ltr'><strong>alios</strong></span> <span class='ocrx_word' id='word_1_108' title='bbox 1107 1871 1185 1934; x_wconf 88' lang='lat' dir='ltr'><strong>esto.</strong></span> 
     </span>
    </p>
   </div>
   <div class='ocr_carea' id='block_1_6' title="bbox 140 2073 1332 2693">
    <p class='ocr_par' dir='ltr' id='par_1_6' title="bbox 140 2073 1332 2693">
     <span class='ocr_line' id='line_1_14' title="bbox 187 2073 1330 2168; baseline -0.003 -22"><span class='ocrx_word' id='word_1_109' title='bbox 187 2079 271 2168; x_wconf 79' lang='lat' dir='ltr'><strong>Pag.</strong></span> <span class='ocrx_word' id='word_1_110' title='bbox 306 2075 383 2142; x_wconf 87' lang='grc'><strong>299.</strong></span> <span class='ocrx_word' id='word_1_111' title='bbox 409 2075 440 2141; x_wconf 95' lang='grc'><strong>1.</strong></span> <span class='ocrx_word' id='word_1_112' title='bbox 464 2083 616 2156; x_wconf 74' lang='grc' dir='ltr'><strong>προσῆγον</strong></span> <span class='ocrx_word' id='word_1_113' title='bbox 638 2075 767 2168; x_wconf 66' lang='grc' dir='ltr'><strong><em>ἓκείνουρ</em></strong></span> <span class='ocrx_word' id='word_1_114' title='bbox 793 2076 917 2160; x_wconf 66' lang='lat' dir='ltr'><strong>(hyeme</strong></span> <span class='ocrx_word' id='word_1_115' title='bbox 939 2075 1150 2164; x_wconf 73' lang='lat' dir='ltr'><strong>Macedonum)</strong></span> <span class='ocrx_word' id='word_1_116' title='bbox 1172 2073 1330 2156; x_wconf 73' lang='grc' dir='ltr'><strong><em>προτέρους</em></strong></span> 
     </span>
     <span class='ocr_line' id='line_1_15' title="bbox 140 2181 1332 2270; baseline -0.004 -17"><span class='ocrx_word' id='word_1_117' title='bbox 140 2186 193 2254; x_wconf 77' lang='grc' dir='ltr'><strong>διὰ</strong></span> <span class='ocrx_word' id='word_1_118' title='bbox 216 2187 252 2252; x_wconf 83' lang='grc' dir='ltr'><strong>τδ</strong></span> <span class='ocrx_word' id='word_1_119' title='bbox 275 2187 330 2261; x_wconf 86' lang='grc' dir='ltr'><strong>τῆν</strong></span> <span class='ocrx_word' id='word_1_120' title='bbox 356 2186 442 2268; x_wconf 88' lang='grc' dir='ltr'><strong><em>[σῦν]</em></strong></span> <span class='ocrx_word' id='word_1_121' title='bbox 466 2181 647 2264; x_wconf 83' lang='grc' dir='ltr'><strong><em>συμμοίχυν</em></strong></span> <span class='ocrx_word' id='word_1_122' title='bbox 669 2181 759 2258; x_wconf 76' lang='grc' dir='ltr'><strong><em>τοίξιν</em></strong></span> <span class='ocrx_word' id='word_1_123' title='bbox 781 2183 909 2256; x_wconf 75' lang='grc' dir='ltr'><strong><em>ἐκείνους</em></strong></span> <span class='ocrx_word' id='word_1_124' title='bbox 935 2181 1030 2264; x_wconf 81' lang='grc' dir='ltr'><strong><em>ἔχειν.</em></strong></span> <span class='ocrx_word' id='word_1_125' title='bbox 1083 2181 1240 2270; x_wconf 77' lang='lat' dir='ltr'><strong>Expungs</strong></span> <span class='ocrx_word' id='word_1_126' title='bbox 1262 2202 1332 2248; x_wconf 89' lang='lat' dir='ltr'><strong>mo·</strong></span> 
     </span>
     <span class='ocr_line' id='line_1_16' title="bbox 140 2285 1331 2369; baseline -0.003 -11"><span class='ocrx_word' id='word_1_127' title='bbox 140 2292 261 2360; x_wconf 84' lang='lat' dir='ltr'><strong>loetum</strong></span> <span class='ocrx_word' id='word_1_128' title='bbox 284 2297 318 2356; x_wconf 90' lang='lat' dir='ltr'><strong>et</strong></span> <span class='ocrx_word' id='word_1_129' title='bbox 340 2291 494 2355; x_wconf 85' lang='lat' dir='ltr'><strong>vitiosum</strong></span> <span class='ocrx_word' id='word_1_130' title='bbox 518 2287 707 2354; x_wconf 85' lang='lat' dir='ltr'><strong>artioulum:</strong></span> <span class='ocrx_word' id='word_1_131' title='bbox 732 2287 899 2369; x_wconf 80' lang='grc' dir='ltr'><strong><em>σύμμαχοι</em></strong></span> <span class='ocrx_word' id='word_1_132' title='bbox 923 2285 1000 2362; x_wconf 85' lang='grc' dir='ltr'><strong><em>ῆσαν</em></strong></span> <span class='ocrx_word' id='word_1_133' title='bbox 1024 2308 1087 2354; x_wconf 91' lang='lat' dir='ltr'><strong>non</strong></span> <span class='ocrx_word' id='word_1_134' title='bbox 1106 2289 1131 2353; x_wconf 87' lang='grc' dir='ltr'><strong>οἰ</strong></span> <span class='ocrx_word' id='word_1_135' title='bbox 1153 2287 1331 2368; x_wconf 80' lang='grc' dir='ltr'><strong><em>σύμμαχοι.</em></strong></span> 
     </span>
     <span class='ocr_line' id='line_1_17' title="bbox 140 2392 1329 2476; baseline -0.004 -11"><span class='ocrx_word' id='word_1_136' title='bbox 140 2399 240 2465; x_wconf 76' lang='lat' dir='ltr'><strong>Erant</strong></span> <span class='ocrx_word' id='word_1_137' title='bbox 275 2398 306 2462; x_wconf 83' lang='grc' dir='ltr'><strong>ἕν</strong></span> <span class='ocrx_word' id='word_1_138' title='bbox 341 2393 523 2476; x_wconf 85' lang='grc' dir='ltr'><strong><em>συμμοίχυν</em></strong></span> <span class='ocrx_word' id='word_1_139' title='bbox 555 2392 656 2472; x_wconf 79' lang='grc' dir='ltr'><strong><em>τοίξει.</em></strong></span> <span class='ocrx_word' id='word_1_140' title='bbox 720 2393 794 2460; x_wconf 90' lang='lat' dir='ltr'><strong>Non</strong></span> <span class='ocrx_word' id='word_1_141' title='bbox 827 2398 876 2460; x_wconf 86' lang='grc'><strong>111</strong></span> <span class='ocrx_word' id='word_1_142' title='bbox 909 2395 944 2459; x_wconf 91' lang='lat' dir='ltr'><strong>in</strong></span> <span class='ocrx_word' id='word_1_143' title='bbox 977 2394 1030 2459; x_wconf 84' lang='lat' dir='ltr'><strong>his</strong></span> <span class='ocrx_word' id='word_1_144' title='bbox 1064 2393 1198 2460; x_wconf 80' lang='lat' dir='ltr'><strong>srtioulo</strong></span> <span class='ocrx_word' id='word_1_145' title='bbox 1231 2392 1329 2460; x_wconf 82' lang='lat' dir='ltr'><strong>loeus.</strong></span> 
     </span>
     <span class='ocr_line' id='line_1_18' title="bbox 140 2497 1329 2589; baseline -0.003 -17"><span class='ocrx_word' id='word_1_146' title='bbox 140 2504 239 2572; x_wconf 81' lang='lat' dir='ltr'><strong>Reots</strong></span> <span class='ocrx_word' id='word_1_147' title='bbox 267 2506 424 2588; x_wconf 82' lang='lat' dir='ltr'><strong>seriptum</strong></span> <span class='ocrx_word' id='word_1_148' title='bbox 455 2505 504 2568; x_wconf 82' lang='grc'><strong>111</strong></span> <span class='ocrx_word' id='word_1_149' title='bbox 533 2520 608 2589; x_wconf 74' lang='lat' dir='ltr'><strong>pag.</strong></span> <span class='ocrx_word' id='word_1_150' title='bbox 643 2498 718 2568; x_wconf 80' lang='grc'><strong>771.</strong></span> <span class='ocrx_word' id='word_1_151' title='bbox 751 2499 783 2566; x_wconf 86' lang='grc'><strong>8.</strong></span> <span class='ocrx_word' id='word_1_152' title='bbox 819 2497 889 2565; x_wconf 75' lang='grc' dir='ltr'><strong>ὥσθ’</strong></span> <span class='ocrx_word' id='word_1_153' title='bbox 919 2497 1030 2569; x_wconf 71' lang='grc' dir='ltr'><strong><em>ἕκατον</em></strong></span> <span class='ocrx_word' id='word_1_154' title='bbox 1053 2499 1135 2579; x_wconf 84' lang='grc' dir='ltr'><strong><em>ῦμῦν</em></strong></span> <span class='ocrx_word' id='word_1_155' title='bbox 1157 2500 1329 2582; x_wconf 74' lang='grc' dir='ltr'><strong><em>κατηγόρου</em></strong></span> 
     </span>
     <span class='ocr_line' id='line_1_19' title="bbox 140 2607 635 2693; baseline -0.012 -15"><span class='ocrx_word' id='word_1_156' title='bbox 140 2609 231 2688; x_wconf 67' lang='grc' dir='ltr'><strong><em>τάξιν</em></strong></span> <span class='ocrx_word' id='word_1_157' title='bbox 256 2607 357 2691; x_wconf 81' lang='grc' dir='ltr'><strong><em>ἔχειν,</em></strong></span> <span class='ocrx_word' id='word_1_158' title='bbox 381 2613 414 2675; x_wconf 92' lang='grc'><strong>11</strong></span> <span class='ocrx_word' id='word_1_159' title='bbox 436 2610 482 2674; x_wconf 86' lang='lat' dir='ltr'><strong>sio</strong></span> <span class='ocrx_word' id='word_1_160' title='bbox 504 2609 635 2693; x_wconf 89' lang='lat' dir='ltr'><strong>passim.</strong></span> 
     </span>
    </p>
   </div>
   <div class='ocr_carea' id='block_1_7' title="bbox 141 2812 1329 3118">
    <p class='ocr_par' dir='ltr' id='par_1_7' title="bbox 141 2812 1329 3118">
     <span class='ocr_line' id='line_1_20' title="bbox 184 2812 1329 2905; baseline -0.001 -19"><span class='ocrx_word' id='word_1_161' title='bbox 184 2819 265 2886; x_wconf 88' lang='lat' dir='ltr'><strong>Post</strong></span> <span class='ocrx_word' id='word_1_162' title='bbox 286 2839 388 2905; x_wconf 86' lang='lat' dir='ltr'><strong>panea</strong></span> <span class='ocrx_word' id='word_1_163' title='bbox 410 2817 449 2884; x_wconf 91' lang='lat' dir='ltr'><strong>de</strong></span> <span class='ocrx_word' id='word_1_164' title='bbox 471 2815 587 2882; x_wconf 88' lang='lat' dir='ltr'><strong>iisdem</strong></span> <span class='ocrx_word' id='word_1_165' title='bbox 610 2814 689 2880; x_wconf 89' lang='lat' dir='ltr'><strong>diait</strong></span> <span class='ocrx_word' id='word_1_166' title='bbox 707 2834 782 2901; x_wconf 80' lang='lat' dir='ltr'><strong>pag.</strong></span> <span class='ocrx_word' id='word_1_167' title='bbox 802 2812 879 2881; x_wconf 87' lang='grc'><strong>299.</strong></span> <span class='ocrx_word' id='word_1_168' title='bbox 903 2812 954 2880; x_wconf 89' lang='grc'><strong>12.</strong></span> <span class='ocrx_word' id='word_1_169' title='bbox 976 2813 1150 2883; x_wconf 67' lang='grc' dir='ltr'><strong><em>ἐδείκνυσαν</em></strong></span> <span class='ocrx_word' id='word_1_170' title='bbox 1169 2819 1209 2890; x_wconf 77' lang='lat' dir='ltr'><strong>eie</strong></span> <span class='ocrx_word' id='word_1_171' title='bbox 1228 2816 1329 2900; x_wconf 73' lang='grc' dir='ltr'><strong><em>ᾤοντο.</em></strong></span> 
     </span>
     <span class='ocr_line' id='line_1_21' title="bbox 141 2919 1329 3003; baseline 0 -11"><span class='ocrx_word' id='word_1_172' title='bbox 141 2926 178 2992; x_wconf 86' lang='lat' dir='ltr'><strong>ln</strong></span> <span class='ocrx_word' id='word_1_173' title='bbox 209 2924 396 2992; x_wconf 86' lang='lat' dir='ltr'><strong>huiusmodi</strong></span> <span class='ocrx_word' id='word_1_174' title='bbox 426 2923 582 2989; x_wconf 87' lang='lat' dir='ltr'><strong>sententia</strong></span> <span class='ocrx_word' id='word_1_175' title='bbox 612 2919 716 2986; x_wconf 89' lang='lat' dir='ltr'><strong>solent</strong></span> <span class='ocrx_word' id='word_1_176' title='bbox 738 2939 848 2986; x_wconf 87' lang='lat' dir='ltr'><strong>omnes</strong></span> <span class='ocrx_word' id='word_1_177' title='bbox 870 2925 927 2987; x_wconf 90' lang='lat' dir='ltr'><strong>ant</strong></span> <span class='ocrx_word' id='word_1_178' title='bbox 947 2927 986 3000; x_wconf 82' lang='grc' dir='ltr'><strong>γε</strong></span> <span class='ocrx_word' id='word_1_179' title='bbox 1009 2927 1066 2988; x_wconf 89' lang='lat' dir='ltr'><strong>aut</strong></span> <span class='ocrx_word' id='word_1_180' title='bbox 1088 2948 1129 3003; x_wconf 88' lang='grc' dir='ltr'><strong>γε</strong></span> <span class='ocrx_word' id='word_1_181' title='bbox 1152 2923 1188 3001; x_wconf 74' lang='lat' dir='ltr'><strong>es</strong></span> <span class='ocrx_word' id='word_1_182' title='bbox 1211 2926 1329 2992; x_wconf 84' lang='lat' dir='ltr'><strong>ironias</strong></span> 
     </span>
     <span class='ocr_line' id='line_1_22' title="bbox 141 3023 869 3118; baseline -0.008 -20"><span class='ocrx_word' id='word_1_183' title='bbox 141 3031 267 3098; x_wconf 85' lang='lat' dir='ltr'><strong>addere.</strong></span> <span class='ocrx_word' id='word_1_184' title='bbox 312 3030 500 3118; x_wconf 75' lang='lat' dir='ltr'><strong>legendum</strong></span> <span class='ocrx_word' id='word_1_185' title='bbox 522 3030 627 3117; x_wconf 77' lang='lat' dir='ltr'><strong>igitur</strong></span> <span class='ocrx_word' id='word_1_186' title='bbox 649 3023 686 3100; x_wconf 82' lang='grc' dir='ltr'><strong>ῦς</strong></span> <span class='ocrx_word' id='word_1_187' title='bbox 712 3028 746 3090; x_wconf 78' lang='grc' dir='ltr'><strong>Γ·</strong></span> <span class='ocrx_word' id='word_1_188' title='bbox 770 3025 869 3109; x_wconf 73' lang='grc' dir='ltr'><strong><em>ᾤοντο.</em></strong></span> 
     </span>
    </p>
   </div>
   <div class='ocr_carea' id='block_1_8' title="bbox 140 3233 1331 3628">
    <p class='ocr_par' dir='ltr' id='par_1_8' title="bbox 140 3233 1331 3628">
     <span class='ocr_line' id='line_1_23' title="bbox 185 3233 1328 3329; baseline 0 -23"><span class='ocrx_word' id='word_1_189' title='bbox 185 3241 266 3329; x_wconf 80' lang='lat' dir='ltr'><strong>Pag.</strong></span> <span class='ocrx_word' id='word_1_190' title='bbox 293 3237 370 3306; x_wconf 92' lang='grc'><strong>300.</strong></span> <span class='ocrx_word' id='word_1_191' title='bbox 395 3238 448 3304; x_wconf 84' lang='grc'><strong>15.</strong></span> <span class='ocrx_word' id='word_1_192' title='bbox 472 3233 548 3304; x_wconf 82' lang='grc' dir='ltr'><strong><em>οὕτω</em></strong></span> <span class='ocrx_word' id='word_1_193' title='bbox 572 3235 729 3317; x_wconf 79' lang='grc' dir='ltr'><strong><em>σιίΦρονατ</em></strong></span> <span class='ocrx_word' id='word_1_194' title='bbox 753 3235 933 3318; x_wconf 77' lang='grc' dir='ltr'><strong><em>παρέσχετε</em></strong></span> <span class='ocrx_word' id='word_1_195' title='bbox 956 3238 1038 3315; x_wconf 77' lang='grc' dir='ltr'><strong>ῦμοίς</strong></span> <span class='ocrx_word' id='word_1_196' title='bbox 1059 3236 1183 3312; x_wconf 83' lang='grc' dir='ltr'><strong><em>αῦτοῦς.</em></strong></span> <span class='ocrx_word' id='word_1_197' title='bbox 1217 3239 1272 3308; x_wconf 76' lang='lat' dir='ltr'><strong>sio</strong></span> <span class='ocrx_word' id='word_1_198' title='bbox 1294 3239 1328 3308; x_wconf 81' lang='lat' dir='ltr'><strong>S.</strong></span> 
     </span>
     <span class='ocr_line' id='line_1_24' title="bbox 140 3343 1329 3434; baseline -0.001 -21"><span class='ocrx_word' id='word_1_199' title='bbox 140 3351 174 3414; x_wconf 90' lang='lat' dir='ltr'><strong>in</strong></span> <span class='ocrx_word' id='word_1_200' title='bbox 197 3346 357 3434; x_wconf 81' lang='lat' dir='ltr'><strong>plerisque</strong></span> <span class='ocrx_word' id='word_1_201' title='bbox 381 3343 666 3424; x_wconf 76' lang='grc' dir='ltr'><strong><em>111πορέσχεσῦε,</em></strong></span> <span class='ocrx_word' id='word_1_202' title='bbox 690 3345 724 3408; x_wconf 91' lang='lat' dir='ltr'><strong>in</strong></span> <span class='ocrx_word' id='word_1_203' title='bbox 748 3364 810 3429; x_wconf 90' lang='lat' dir='ltr'><strong>quo</strong></span> <span class='ocrx_word' id='word_1_204' title='bbox 833 3343 913 3410; x_wconf 82' lang='lat' dir='ltr'><strong>latet</strong></span> <span class='ocrx_word' id='word_1_205' title='bbox 936 3363 1012 3410; x_wconf 84' lang='lat' dir='ltr'><strong>vera</strong></span> <span class='ocrx_word' id='word_1_206' title='bbox 1030 3343 1126 3412; x_wconf 87' lang='lat' dir='ltr'><strong>leotio</strong></span> <span class='ocrx_word' id='word_1_207' title='bbox 1146 3345 1329 3430; x_wconf 73' lang='grc' dir='ltr'><strong><em>παρέσχεθ’</em></strong></span> 
     </span>
     <span class='ocr_line' id='line_1_25' title="bbox 142 3448 1331 3539; baseline 0 -19"><span class='ocrx_word' id='word_1_208' title='bbox 142 3456 224 3532; x_wconf 80' lang='grc' dir='ltr'><strong><em>ῦμῦς</em></strong></span> <span class='ocrx_word' id='word_1_209' title='bbox 250 3453 374 3525; x_wconf 75' lang='grc' dir='ltr'><strong>αὐτούς.</strong></span> <span class='ocrx_word' id='word_1_210' title='bbox 420 3450 520 3536; x_wconf 80' lang='lat' dir='ltr'><strong>Saepe</strong></span> <span class='ocrx_word' id='word_1_211' title='bbox 542 3452 588 3515; x_wconf 88' lang='lat' dir='ltr'><strong>sio</strong></span> <span class='ocrx_word' id='word_1_212' title='bbox 611 3448 754 3516; x_wconf 88' lang='lat' dir='ltr'><strong>inlibris</strong></span> <span class='ocrx_word' id='word_1_213' title='bbox 774 3448 999 3516; x_wconf 81' lang='lat' dir='ltr'><strong>Demosthenis</strong></span> <span class='ocrx_word' id='word_1_214' title='bbox 1019 3455 1160 3538; x_wconf 86' lang='lat' dir='ltr'><strong>erratur,</strong></span> <span class='ocrx_word' id='word_1_215' title='bbox 1179 3457 1331 3539; x_wconf 87' lang='lat' dir='ltr'><strong>utsupra</strong></span> 
     </span>
     <span class='ocr_line' id='line_1_26' title="bbox 142 3559 350 3628; baseline -0.014 0"><span class='ocrx_word' id='word_1_216' title='bbox 142 3559 350 3628; x_wconf 87' lang='lat' dir='ltr'><strong>ostendimus.</strong></span> 
     </span>
    </p>
   </div>
   <div class='ocr_carea' id='block_1_9' title="bbox 139 3764 1330 4273">
    <p class='ocr_par' dir='ltr' id='par_1_9' title="bbox 139 3764 1330 4273">
     <span class='ocr_line' id='line_1_27' title="bbox 185 3764 1327 3860; baseline -0.001 -23"><span class='ocrx_word' id='word_1_217' title='bbox 185 3771 268 3860; x_wconf 79' lang='lat' dir='ltr'><strong>Pag.</strong></span> <span class='ocrx_word' id='word_1_218' title='bbox 292 3768 369 3835; x_wconf 96' lang='grc'><strong>301.</strong></span> <span class='ocrx_word' id='word_1_219' title='bbox 395 3767 449 3834; x_wconf 81' lang='grc'><strong>14.</strong></span> <span class='ocrx_word' id='word_1_220' title='bbox 476 3764 513 3833; x_wconf 77' lang='grc' dir='ltr'><strong>ἵν’</strong></span> <span class='ocrx_word' id='word_1_221' title='bbox 538 3768 638 3841; x_wconf 87' lang='grc' dir='ltr'><strong><em>εἰδῆτε</em></strong></span> <span class='ocrx_word' id='word_1_222' title='bbox 662 3770 700 3832; x_wconf 89' lang='grc' dir='ltr'><strong><em>Ἡ</em></strong></span> <span class='ocrx_word' id='word_1_223' title='bbox 725 3766 785 3845; x_wconf 84' lang='grc' dir='ltr'><strong>έμῆ</strong></span> <span class='ocrx_word' id='word_1_224' title='bbox 806 3764 953 3847; x_wconf 81' lang='grc' dir='ltr'><strong><em>συνέχεια</em></strong></span> <span class='ocrx_word' id='word_1_225' title='bbox 974 3804 1016 3816; x_wconf 97' lang='grc'>-</span> <span class='ocrx_word' id='word_1_226' title='bbox 1036 3775 1081 3832; x_wconf 88' lang='grc' dir='ltr'><strong>ΤῙ</strong></span> <span class='ocrx_word' id='word_1_227' title='bbox 1101 3768 1327 3850; x_wconf 87' lang='grc' dir='ltr'><strong><em>οἰπειργοίσατο.</em></strong></span> 
     </span>
     <span class='ocr_line' id='line_1_28' title="bbox 140 3871 1330 3962; baseline 0.003 -18"><span class='ocrx_word' id='word_1_228' title='bbox 140 3877 214 3945; x_wconf 90' lang='lat' dir='ltr'><strong>Non</strong></span> <span class='ocrx_word' id='word_1_229' title='bbox 242 3876 362 3943; x_wconf 88' lang='lat' dir='ltr'><strong>habent</strong></span> <span class='ocrx_word' id='word_1_230' title='bbox 390 3875 467 3941; x_wconf 88' lang='lat' dir='ltr'><strong>haee</strong></span> <span class='ocrx_word' id='word_1_231' title='bbox 491 3871 630 3941; x_wconf 77' lang='lat' dir='ltr'><strong>Graecae</strong></span> <span class='ocrx_word' id='word_1_232' title='bbox 653 3875 891 3959; x_wconf 74' lang='lat' dir='ltr'><strong>compositionis</strong></span> <span class='ocrx_word' id='word_1_233' title='bbox 913 3873 1061 3940; x_wconf 80' lang='lat' dir='ltr'><strong>sormam.</strong></span> <span class='ocrx_word' id='word_1_234' title='bbox 1109 3873 1183 3940; x_wconf 90' lang='lat' dir='ltr'><strong>Diei</strong></span> <span class='ocrx_word' id='word_1_235' title='bbox 1205 3882 1330 3962; x_wconf 86' lang='lat' dir='ltr'><strong>poterat</strong></span> 
     </span>
     <span class='ocr_line' id='line_1_29' title="bbox 140 3977 1330 4070; baseline 0.002 -20"><span class='ocrx_word' id='word_1_236' title='bbox 140 3981 177 4050; x_wconf 79' lang='grc' dir='ltr'><strong>ἵν’</strong></span> <span class='ocrx_word' id='word_1_237' title='bbox 209 3985 311 4060; x_wconf 90' lang='grc' dir='ltr'><strong><em>εἰδῆτε</em></strong></span> <span class='ocrx_word' id='word_1_238' title='bbox 342 3983 397 4058; x_wconf 83' lang='grc' dir='ltr'><strong>τῆν</strong></span> <span class='ocrx_word' id='word_1_239' title='bbox 421 3982 497 4057; x_wconf 76' lang='grc' dir='ltr'><strong><em>ἔμῆν</em></strong></span> <span class='ocrx_word' id='word_1_240' title='bbox 519 3979 683 4060; x_wconf 91' lang='grc' dir='ltr'><strong><em>συνέχειαν</em></strong></span> <span class='ocrx_word' id='word_1_241' title='bbox 704 3979 738 4044; x_wconf 87' lang='grc' dir='ltr'><strong><em>τί</em></strong></span> <span class='ocrx_word' id='word_1_242' title='bbox 760 3977 998 4064; x_wconf 85' lang='grc' dir='ltr'><strong><em>οἰπειργοίσατο,</em></strong></span> <span class='ocrx_word' id='word_1_243' title='bbox 1021 3979 1077 4045; x_wconf 87' lang='lat' dir='ltr'><strong>sed</strong></span> <span class='ocrx_word' id='word_1_244' title='bbox 1099 3979 1234 4070; x_wconf 77' lang='lat' dir='ltr'><strong>vulgata</strong></span> <span class='ocrx_word' id='word_1_245' title='bbox 1254 3984 1330 4052; x_wconf 78' lang='lat' dir='ltr'><strong>ferri</strong></span> 
     </span>
     <span class='ocr_line' id='line_1_30' title="bbox 139 4085 1329 4176; baseline 0.003 -21"><span class='ocrx_word' id='word_1_246' title='bbox 139 4109 204 4156; x_wconf 91' lang='lat' dir='ltr'><strong>non</strong></span> <span class='ocrx_word' id='word_1_247' title='bbox 231 4093 346 4176; x_wconf 89' lang='lat' dir='ltr'><strong>potest.</strong></span> <span class='ocrx_word' id='word_1_248' title='bbox 394 4087 574 4173; x_wconf 74' lang='lat' dir='ltr'><strong>Transpons</strong></span> <span class='ocrx_word' id='word_1_249' title='bbox 598 4087 631 4152; x_wconf 87' lang='grc' dir='ltr'><strong><em>τί</em></strong></span> <span class='ocrx_word' id='word_1_250' title='bbox 654 4089 688 4151; x_wconf 88' lang='lat' dir='ltr'><strong>in</strong></span> <span class='ocrx_word' id='word_1_251' title='bbox 711 4106 807 4151; x_wconf 88' lang='lat' dir='ltr'><strong>suum</strong></span> <span class='ocrx_word' id='word_1_252' title='bbox 830 4085 937 4152; x_wconf 78' lang='lat' dir='ltr'><strong>locum</strong></span> <span class='ocrx_word' id='word_1_253' title='bbox 961 4089 994 4150; x_wconf 93' lang='grc'><strong>11</strong></span> <span class='ocrx_word' id='word_1_254' title='bbox 1017 4088 1139 4172; x_wconf 88' lang='lat' dir='ltr'><strong>optime</strong></span> <span class='ocrx_word' id='word_1_255' title='bbox 1160 4089 1329 4174; x_wconf 87' lang='lat' dir='ltr'><strong>proeedent</strong></span> 
     </span>
     <span class='ocr_line' id='line_1_31' title="bbox 139 4188 1116 4273; baseline -0.006 -10"><span class='ocrx_word' id='word_1_256' title='bbox 139 4197 268 4263; x_wconf 87' lang='lat' dir='ltr'><strong>omnia:</strong></span> <span class='ocrx_word' id='word_1_257' title='bbox 293 4190 332 4260; x_wconf 76' lang='grc' dir='ltr'><strong>ἵν’</strong></span> <span class='ocrx_word' id='word_1_258' title='bbox 357 4195 458 4270; x_wconf 90' lang='grc' dir='ltr'><strong><em>εἰδῆτε</em></strong></span> <span class='ocrx_word' id='word_1_259' title='bbox 482 4194 514 4258; x_wconf 91' lang='grc' dir='ltr'><strong><em>τί</em></strong></span> <span class='ocrx_word' id='word_1_260' title='bbox 535 4196 552 4270; x_wconf 88' lang='grc' dir='ltr'><strong><em>ῆ</em></strong></span> <span class='ocrx_word' id='word_1_261' title='bbox 578 4194 637 4271; x_wconf 79' lang='grc' dir='ltr'><strong>ἰμῆ</strong></span> <span class='ocrx_word' id='word_1_262' title='bbox 660 4190 806 4272; x_wconf 88' lang='grc' dir='ltr'><strong><em>συνέχεια</em></strong></span> <span class='ocrx_word' id='word_1_263' title='bbox 827 4228 868 4241; x_wconf 90' lang='lat'>-</span> <span class='ocrx_word' id='word_1_264' title='bbox 888 4188 1116 4273; x_wconf 86' lang='grc' dir='ltr'><strong><em>οἰπειργοίσατο.</em></strong></span> 
     </span>
    </p>
   </div>
   <div class='ocr_carea' id='block_1_10' title="bbox 141 4400 1329 4596">
    <p class='ocr_par' dir='ltr' id='par_1_10' title="bbox 141 4400 1329 4596">
     <span class='ocr_line' id='line_1_32' title="bbox 185 4400 1329 4493; baseline 0.003 -22"><span class='ocrx_word' id='word_1_265' title='bbox 185 4404 268 4493; x_wconf 77' lang='lat' dir='ltr'><strong>Peg.</strong></span> <span class='ocrx_word' id='word_1_266' title='bbox 302 4401 378 4468; x_wconf 89' lang='grc'><strong>302.</strong></span> <span class='ocrx_word' id='word_1_267' title='bbox 410 4402 442 4469; x_wconf 90' lang='grc'><strong>2.</strong></span> <span class='ocrx_word' id='word_1_268' title='bbox 474 4403 665 4481; x_wconf 82' lang='grc' dir='ltr'><strong><em>ἰπεπείσμκν</em></strong></span> <span class='ocrx_word' id='word_1_269' title='bbox 689 4400 713 4467; x_wconf 80' lang='grc' dir='ltr'><strong>δ’</strong></span> <span class='ocrx_word' id='word_1_270' title='bbox 737 4401 809 4480; x_wconf 70' lang='grc' dir='ltr'><strong><em>ὑπὲρ</em></strong></span> <span class='ocrx_word' id='word_1_271' title='bbox 834 4402 990 4479; x_wconf 78' lang='grc' dir='ltr'><strong><em>ἐμαυτοῦ,</em></strong></span> <span class='ocrx_word' id='word_1_272' title='bbox 1013 4401 1111 4483; x_wconf 77' lang='grc' dir='ltr'><strong><em>τυχὸν</em></strong></span> <span class='ocrx_word' id='word_1_273' title='bbox 1133 4402 1190 4480; x_wconf 82' lang='grc' dir='ltr'><strong>μίν</strong></span> <span class='ocrx_word' id='word_1_274' title='bbox 1221 4405 1329 4473; x_wconf 90' lang='grc' dir='ltr'><strong><em>οἰναι-</em></strong></span> 
     </span>
     <span class='ocr_line' id='line_1_33' title="bbox 141 4505 1329 4596; baseline -0.004 -18"><span class='ocrx_word' id='word_1_275' title='bbox 141 4514 315 4596; x_wconf 80' lang='grc' dir='ltr'><strong><em>σῦῆτῦν,</em></strong></span> <span class='ocrx_word' id='word_1_276' title='bbox 346 4505 426 4588; x_wconf 74' lang='grc' dir='ltr'><strong>ὅμως</strong></span> <span class='ocrx_word' id='word_1_277' title='bbox 459 4509 485 4574; x_wconf 83' lang='grc' dir='ltr'><strong>δ’</strong></span> <span class='ocrx_word' id='word_1_278' title='bbox 517 4509 724 4594; x_wconf 82' lang='grc' dir='ltr'><strong><em>έπεπείσμκν,</em></strong></span> <span class='ocrx_word' id='word_1_279' title='bbox 758 4508 840 4587; x_wconf 85' lang='grc' dir='ltr'><strong><em>μῆτε</em></strong></span> <span class='ocrx_word' id='word_1_280' title='bbox 861 4509 1016 4590; x_wconf 75' lang='grc' dir='ltr'><strong><em>γράφοντ’</em></strong></span> <span class='ocrx_word' id='word_1_281' title='bbox 1039 4505 1079 4572; x_wconf 65' lang='grc' dir='ltr'><strong>ἂν</strong></span> <span class='ocrx_word' id='word_1_282' title='bbox 1103 4507 1178 4587; x_wconf 74' lang='grc' dir='ltr'><strong><em>ἐμοῦ</em></strong></span> <span class='ocrx_word' id='word_1_283' title='bbox 1204 4512 1329 4594; x_wconf 71' lang='grc' dir='ltr'><strong><em>γράψαι</em></strong></span> 
     </span>
    </p>
   </div>
   <div class='ocr_carea' id='block_1_11' title="bbox 0 0 1682 5084">
    <p class='ocr_par' dir='ltr' id='par_1_11' title="bbox 0 0 1682 5084">
     <span class='ocr_line' id='line_1_34' title="bbox 0 0 1682 5084; baseline 0 0"><span class='ocrx_word' id='word_1_284' title='bbox 0 0 1682 5084; x_wconf 95' lang='lat' dir='ltr'><strong> </strong></span> 
     </span>
    </p>
   </div>
  </div>
 </body>
</html>
