3348 5086
882 331 948 401 39⁶

320 527 345 593 si
384 526 416 593 δέ
451 526 503 592 καὶ
539 523 653 601 οὗτος
688 526 903 591 άίετείται
938 521 1019 589 άλλο
1054 524 1167 607 φησίν·
1195 521 1290 612 ’.άλλα
1322 522 1351 588 τ’
1382 519 1515 603 ἔπειρον.

320 632 393 721 (os.
416 659 451 713 s·
477 632 544 721 33).

367 844 426 910 Od.
451 854 499 910 M.
524 842 575 913 78.

501 951 562 1017 οὐδ’
585 951 613 1016 εί
634 975 672 1018 ιοι
695 951 798 1033 χεῖρές
823 977 857 1016 τε
884 951 1005 1018 ἕιείκοσι
1032 950 1085 1016 καὶ
1110 947 1199 1022 τοδες
1225 945 1295 1015 εἷεν.

322 1062 491 1124 annotatur
513 1058 553 1123 ad
576 1057 667 1124 Iliad.
693 1069 728 1126 Β.
755 1055 832 1124 489.

457 1164 518 1230 οὐδ’
542 1163 571 1229 εί
591 1188 642 1243 μοι
666 1163 742 1231 δέκα
764 1165 821 1243 μέν
845 1171 1008 1243 γλῶσσαι,
1030 1162 1106 1229 δέκα
1131 1163 1162 1230 δέ
1186 1161 1304 1240 σάματ’
1329 1162 1383 1236 είη.

323 1273 340 1349 ἡ
366 1273 460 1345 διτλῆ
484 1267 530 1336 ὅτι
555 1274 571 1348 ἡ
596 1270 708 1348 ίδιίτης
733 1281 789 1346 τῆς
815 1271 986 1353 ὑπερβολῆς
1010 1271 1177 1352 Ὀμηρικιί·
1203 1269 1255 1334 καί
1278 1270 1307 1334 έν
1327 1268 1517 1352 Ὀδυσσεία·

529 1377 580 1442 οὐδ
601 1377 630 1442 εί
649 1380 674 1442 oi
697 1377 799 1459 χεῖρές
825 1403 860 1442 τε
884 1379 992 1443 ἐείκοσι
1014 1377 1065 1442 καὶ
1091 1377 1181 1450 τίδεο
1205 1371 1274 1440 εἷεν.

323 1488 339 1560 ἦ
385 1483 416 1548 δὲ
451 1485 595 1566 άναφορά
630 1485 701 1566 πρὸς
739 1491 806 1558 τοῦς
842 1483 1092 1566 τεριγράΦοντας
1127 1482 1250 1555 τούτους
1285 1483 1355 1554 τοὺς
1391 1482 1517 1563 ςίχοιις.

322 1588 532 1657 Manifestum
563 1591 637 1656 hine
669 1597 717 1656 esi
738 1591 935 1658 Zenodotum
958 1591 1016 1657 hos
1037 1612 1147 1658 versus
1169 1591 1352 1667 damnasse,
1375 1589 1517 1654 Aristar·

323 1695 421 1761 chum
445 1700 622 1762 retinuisse.

369 1889 428 1956 Od.
452 1900 500 1959 Μ.
527 1890 603 1960 374.

550 1998 628 2064 ὠκέα
653 1996 679 2063 δ’
702 1999 811 2081 Ἠελίῳ
835 1999 983 2080 ’Τιιερίονι
1008 1997 1150 2077 ἄγγελοι
1176 1993 1275 2071 ἦλθεν.

324 2105 364 2172 sd
393 2103 485 2170 Iliad.
517 2113 550 2169 Γ.
585 2103 663 2172 377.
688 2109 873 2172 annotatur:
899 2108 916 2183 ἦ
942 2105 1035 2182 διτλη
1061 2107 1133 2188 τρδς
1156 2107 1211 2180 την
1234 2102 1377 2181 άίέτησιν
1401 2111 1461 2172 τῶν
1486 2106 1520 2169 ἒν

322 2211 489 2296 Ὀδυσσείᾳ

549 2315 628 2382 ιδκέα
652 2315 678 2384 δ’
702 2318 814 2400 Ἠελίῳ
839 2317 987 2401 ’Ὑπερίονι
1013 2315 1154 2398 ἄγγελος
1179 2313 1277 2392 ἦλθεν.

324 2425 391 2508 τερδ
415 2431 471 2502 τῆς
497 2423 657 2496 άτιολείαο
680 2430 739 2490 τῶν
761 2423 840 2502 βοῶν
863 2425 905 2506 τῷ
929 2423 1053 2498 πάντας
1078 2427 1232 2508 έφορῶντι.

370 2602 429 2670 Od.
455 2614 495 2670 O.
519 2602 574 2669 45.

506 2710 572 2789 λάξ
594 2709 661 2776 τοδί
685 2711 811 2786 κινήσας
835 2711 891 2776 καί
914 2735 965 2790 μιν
991 2711 1063 2793 πρὸς
1087 2713 1180 2790 μῦθον
1204 2710 1327 2778 έιειτεν.

325 2821 493 2886 annotetur
524 2817 564 2884 ad
591 2817 683 2884 Eisd.
708 2829 745 2884 K.
771 2817 847 2884 158.
870 2819 927 2884 ubi
950 2819 1037 2884 idem
1060 2838 1170 2885 versus
1192 2817 1330 2906 legitur:
1356 2819 1370 2882 ί
1394 2820 1518 2898 vicesis·

325 2949 376 2998 κος
399 2919 445 2988 άτι
469 2925 603 2989 ε’ντεῒιίεν
622 2926 665 2997 είς
683 2926 738 3000 την
758 2923 941 2991 Ὀδύσσειαν
962 2924 1147 3005 μετάκειται
1169 2924 1217 2990 isti
1239 2930 1292 2990 τοῦ
1312 2926 1518 3005 Πεισιτράτου

325 3035 356 3098 ἐν
378 3031 509 3114 κλινιδίῳ
533 3031 728 3102 καθεύδοντος
752 3033 839 3111 παροδ
862 3030 1023 3114 Μενελάῳ.
1046 3031 1117 3112 πρὸς
1142 3031 1174 3096 τί
1192 3025 1241 3096 οὖν
1261 3032 1327 3096 τοδὶ
1348 3031 1424 3097 ἁλλ’
1443 3035 1517 3113 οὐχί

325 3147 364 3221 τῇ
397 3137 480 3218 χειρί
487 3165 497 3215 ;
534 3142 583 3202 νῦν
613 3138 670 3215 μὲν
699 3137 762 3218 γάρ
795 3135 917 3211 είκίτοις
949 3138 999 3203 isi
1031 3147 1087 3214 τῆς
1118 3145 1179 3217 γῆς
1213 3139 1397 3218 κοιμώμενον
1421 3137 1517 3214 οὕτως

327 3246 445 3326 ἐγείρει.

372 3424 430 3491 od.
457 3432 497 3490 Ο.
521 3421 599 3489 251.

529 3529 662 3600 κάλλεος
685 3525 786 3596 είνεκα
807 3536 862 3597 ιοίο
886 3528 924 3596 ἵν’
947 3530 1125 3598 ἀθανάτοισι
1149 3533 1269 3610 μετείη.

371 3637 464 3705 Idem
495 3659 603 3705 versus
634 3642 681 3702 est
711 3636 803 3703 Iiisd.
828 3648 865 3703 Τ.
890 3636 967 3703 235.
992 3638 1048 3703 ubi
1072 3639 1290 3704 Aristonicus:
1315 3640 1330 3703 ί
1354 3639 1514 3722 δτερίσκος

326 3743 373 3813 ὅτι
396 3749 501 3810 τοῦτον
524 3743 680 3828 γράφουσι
705 3744 756 3809 τὸν
780 3745 870 3827 ςίχον
893 3745 946 3812 καὶ
972 3747 1003 3810 έν
1027 3755 1065 3829 τῇ
1093 3743 1261 3830 Ὀδυσσεία
1281 3745 1330 3812 ssi
1351 3751 1405 3812 τοῦ
1425 3747 1516 3813 Κλεί·

327 3878 379 3920 τον
403 3853 436 3920 οὐ
461 3848 597 3926 δείντιις.

372 4033 430 4101 od.
457 4043 489 4098 P.
515 4029 591 4098 359.

507 4135 565 4205 εὗδ’
587 4139 600 4203 ὁ
625 4137 844 4217 δεδειπνήκειν,
870 4139 884 4204 ὃ
909 4139 937 4204 δ’
958 4139 1092 4206 έταάετο
1116 4141 1190 4214 ίείος
1215 4140 1324 4214 άοιδίο.

327 4250 368 4317 sd
390 4245 485 4313 nisu.
509 4255 545 4310 X.
571 4243 648 4310 328.

463 4351 523 4418 οὐδ’
546 4349 593 4432 ἄρ’
616 4351 672 4415 άτ’
696 4350 885 4434 άσφάραγον
907 4352 1000 4432 μελίη
1024 4352 1109 4432 τάμε
1135 4353 1374 4436 χαλκοβάρεια,

461 4457 541 4542 ίφρσ
565 4460 596 4523 τί
619 4482 672 4538 μιν
696 4459 875 4540 τροτιιείτοι
899 4457 1107 4540 άμειβίμενος
1130 4461 1297 4530 νετέεσσιν.
