3308 5090
719 359 761 432 77

134 551 358 630 ὀμωμοκότας.
408 549 539 620 Certum
567 555 653 618 enim
684 555 718 618 in
750 575 787 620 ea
809 575 844 620 re
866 559 898 621 et
920 557 1065 622 constans
1090 553 1214 621 dicendi
1238 571 1340 642 genus

136 665 192 724 est
216 660 269 724 τὸν
291 659 385 724 αὐτὸν
410 660 515 740 ἒχίρίν
540 659 592 723 καί
617 659 708 739 Φίλον
732 659 923 740 νομίζειν.
971 661 1080 727 Multa
1109 659 1254 746 exempla
1278 660 1340 726 col-

136 764 288 853 legimus
322 766 357 827 in
391 765 469 829 Νοο.
505 765 599 829 lectt.
629 786 703 853 peg.
737 763 813 830 519.
844 767 884 830 ad
914 765 1022 832 locum
1052 767 1271 852 Xenophontis
1306 770 1340 831 in

138 871 281 935 Anchari
304 869 344 934 II.
371 870 401 936 5.
428 870 481 936 39.
504 872 670 950 ὀμόσαντες
695 874 766 948 ἡμῖν
787 873 857 944 τοὺς
876 872 987 946 αὐτοὺς
1009 875 1119 954 Φίλονς
1139 872 1191 937 καί
1214 871 1338 952 ἐχθροὺς

137 985 268 1054 νομιεῖν.
317 975 354 1041 ln
377 977 534 1066 singulari
558 997 691 1044 numero
715 977 798 1043 dixit
819 979 992 1043 Aeschines
1014 981 1049 1042 in
1075 979 1199 1062 ίίαίροίι.
1224 979 1242 1062 ᾖ
1262 976 1337 1044 100.

138 1083 290 1164 πρέσβεις
323 1079 428 1156 οἵτινες
459 1083 616 1158 δεήσονται
648 1083 700 1148 τὸν
727 1085 821 1148 αὐτὸν
846 1084 1012 1159 Ἀθηναίοις
1037 1084 1129 1166 φίλον
1155 1089 1207 1148 καί
1232 1083 1339 1166 ίχίρὸν
1448 1071 1452 1078 ’

140 1189 285 1271 νομίζειν.

187 1401 268 1490 Pag.
304 1401 381 1467 200.
415 1402 467 1468 22.
500 1404 561 1484 οὐχ
591 1401 610 1467 ὅ
633 1427 662 1470 τι
686 1429 732 1476 τις
757 1404 962 1484 κατηγορήσει
987 1406 1101 1470 τούτων
1126 1442 1167 1454 -
1192 1402 1338 1486 χαλεπὸν

141 1508 257 1588 εὑρεῖν,
291 1509 366 1574 ἀλλ’
397 1510 459 1589 ἀφ’
491 1509 599 1575 ὁποίων
621 1509 721 1590 λόγων
745 1549 788 1561 -
814 1513 1057 1592 ἐπανορθώσεταί
1079 1507 1171 1585 τιςίι
1204 1515 1253 1575 νῦν
1284 1512 1337 1576 οὐκ

141 1617 230 1696 ὀρθῶς
262 1611 331 1694 ἔχει
368 1614 463 1702 [τοῦτ’
497 1613 582 1697 ἔργον
615 1615 736 1704 εὑρεῖνί.
784 1616 871 1697 Quae
900 1621 985 1683 auris
1008 1619 1085 1684 haec
1109 1618 1189 1683 ferre
1212 1613 1337 1703 potest?

142 1718 223 1800 Quis
256 1725 404 1786 nostrum
438 1724 485 1787 ita
518 1717 715 1808 scripsisset?
761 1721 904 1789 Remove
937 1726 1040 1812 igitur
1074 1721 1234 1790 emblema
1269 1728 1336 1789 tam

139 1825 259 1892 inutile
283 1847 381 1912 quam
404 1826 588 1894 molestum.

471 2041 590 2105 ’ΥΠΕΡ
613 2047 1016 2106 ΜΕΓΑΛΟΠΟΛΙΤΩΝ.

187 2251 269 2340 Peg.
295 2250 372 2316 202.
399 2251 452 2316 10.
476 2253 504 2318 εί
527 2275 573 2325 τις
597 2253 696 2317 αὐτῶν
721 2253 834 2335 οίφέλοι
857 2253 891 2317 τί
912 2251 1136 2331 γιγνώσκεσθαι
1160 2253 1212 2317 καί
1237 2251 1272 2316 τὸ
1296 2262 1334 2334 τῇ

140 2363 228 2440 Φωνῇ
250 2355 356 2435 λέγειν
376 2360 544 2437 Ἀττικῶς,
569 2359 701 2430 πολλοὺς
725 2357 763 2424 ἂν
787 2355 873 2438 οἶμαι
896 2358 966 2430 τοὺς
991 2359 1046 2436 μὲν
1068 2357 1242 2442 Ἀρκάδας,
1265 2359 1334 2430 τοὺς

141 2464 175 2529 δὲ
198 2462 353 2538 Λοίκιονοις
378 2465 478 2529 αὐτῶν
502 2460 578 2529 εἶναι
603 2469 722 2542 νομίσαι
781 2464 864 2531 Vivo
884 2464 1097 2531 Demosthene
1119 2487 1214 2532 nemo
1237 2462 1335 2532 Gree-

142 2589 255 2635 corum
276 2569 386 2648 ἔλεγεν
407 2573 566 2642 Ἀττικῶς.
603 2569 810 2636 Athenienses
830 2569 938 2649 ἔλεγον
957 2573 1103 2638 οίττικιςί.
1139 2570 1210 2638 Hoc
1226 2574 1333 2657 ipsum

142 2677 252 2762 reponi
291 2681 435 2762 oportere
470 2675 642 2763 diligenter
676 2677 799 2742 ostendi
833 2678 867 2742 in
901 2678 977 2741 Νοο.
1014 2678 1107 2742 lectt.
1142 2698 1217 2765 pag.
1257 2676 1332 2742 100.

142 2779 349 2866 Quamquam
371 2803 420 2848 res
443 2784 521 2847 satis
544 2782 713 2847 manifesta
736 2787 910 2848 esttamen
930 2786 985 2847 vix
1003 2786 1183 2868 quisquam.
1204 2785 1332 2868 opinor,

141 2887 227 2952 mihi
249 2893 334 2954 esset
357 2909 518 2966 assensus,
541 2891 604 2953 nisi
627 2893 742 2953 testem
764 2893 906 2954 veterem
928 2889 1158 2974 produxissem.
1194 2885 1335 2977 Collegit

140 2996 248 3059 nescio
280 2995 354 3078 quis
385 2993 531 3075 Προοίμια
565 2995 742 3059 maximam
766 3000 898 3088 partem
930 3015 968 3060 ex
991 2992 1203 3060 Demosthene
1226 3002 1334 3062 sumta

143 3105 177 3165 et
204 3103 240 3166 in
260 3101 486 3168 Demosthenis
515 3097 646 3166 Codices
666 3107 800 3184 recepta.
825 3100 930 3166 Docta
952 3105 1027 3165 sunt
1051 3120 1089 3164 ex
1111 3098 1203 3164 libris
1226 3121 1334 3187 parve

144 3209 241 3273 tastis
265 3214 298 3274 et
321 3207 501 3293 complures
523 3206 621 3272 bonas
644 3205 795 3270 lectiones
817 3206 885 3272 sola
909 3211 1054 3283 servent,
1078 3208 1116 3269 ut
1137 3204 1169 3269 h.
1191 3205 1213 3270 l.
1239 3207 1272 3270 τί
1295 3216 1334 3290 τῇ

144 3319 231 3394 <heri
257 3313 362 3392 λέγειν
385 3315 567 3378 οίττικΙΟΤΙ
591 3333 667 3400 pag.
693 3309 790 3375 1424.

189 3523 271 3614 Pag.
303 3522 380 3590 203.
415 3523 446 3590 5.
479 3525 741 3604 Λακεδαιμονίους
774 3522 805 3590 δὲ
836 3524 861 3590 εί
891 3523 1065 3599 ποιήσονται
1090 3525 1145 3598 τὴν
1169 3526 1335 3604 ’Λρκαδίαν

146 3630 200 3712 ὑφ’
235 3633 353 3703 ἑαυτοῖς
383 3630 435 3696 καί
466 3631 623 3710 Μεγάλην
653 3630 741 3696 roae
766 3632 931 3711 Αίριίσονσι
955 3629 1052 3696 τοίλιν
1076 3631 1218 3713 ἰσχυροὺς
1242 3635 1334 3710 γονή·

144 3739 263 3802 σεσίαι.
305 3737 395 3803 Haec
426 3743 474 3803 est
501 3737 637 3826 vulgata
666 3737 760 3802 lectio
792 3737 965 3815 αίρήσονσι,
995 3757 1052 3822 pro
1084 3757 1146 3823 qua
1169 3735 1191 3802 S
1215 3740 1335 3823 optime

145 3845 373 3924 ἈΝαιριίσοοσι
415 3845 563 3909 servavit.
612 3842 763 3909 Perverse
805 3845 891 3907 enim
935 3843 1066 3908 dicitur:
1104 3844 1134 3906 ιι·
1170 3844 1335 3907 Arcadiam

145 3951 313 4033 σνόαροτίιιί
344 3969 383 4015 nr
407 3949 618 4033 Megalopolim
648 3949 794 4032 ceperint,
817 3951 967 4033 quoniam
991 3950 1053 4012 nisi
1077 3953 1168 4035 capta
1191 3949 1333 4037 Megalo·

145 4057 211 4144 poli
234 4056 372 4122 Arcadio
394 4057 490 4142 potiri
512 4076 574 4120 non
598 4059 756 4142 poterant:
778 4055 831 4119 sed
850 4054 986 4120 Arcadia
1004 4059 1097 4139 cepta
1115 4052 1335 4142 Megalopolin

146 4165 243 4228 delere
266 4169 298 4228 et
316 4163 378 4226 solo
398 4183 525 4247 aequare
543 4161 705 4236 volebant,
728 4163 862 4241 οίνοιιρεῖν
882 4159 934 4224 καί
956 4157 1100 4240 διοικίζειν
1117 4162 1202 4226 κατὰ
1215 4161 1333 4240 κώμας,

146 4275 183 4334 ut
205 4268 285 4335 olim
308 4267 519 4334 Mantineam.
554 4268 641 4333 Audi
663 4269 772 4352 ipsum
790 4288 863 4355 pag.
884 4264 961 4331 210.
984 4264 1015 4330 4·
1036 4265 1089 4329 eeu
1109 4267 1167 4342 μέν
1183 4267 1335 4349 'Amps-

148 4377 214 4441 ίῶσι
246 4373 299 4440 καί
329 4373 521 4439 διοικισθῶσιν
551 4375 590 4462 (σί
620 4375 898 4458 Μεγαλοπολῖται)
922 4373 1056 4454 ἰσχυροῖς
1081 4371 1334 4448 Λακεδαιμονίοις

147 4479 231 4556 aitte
257 4480 319 4550 ίςιν
342 4476 430 4546 είναι.
477 4477 595 4547 Eadem
621 4499 719 4567 opera·
737 4481 771 4544 in
794 4481 994 4567 Argumento
1017 4479 1167 4544 orationis
1190 4480 1258 4545 sive
1281 4479 1334 4546 Li·
