3304 5090
874 361 939 432 212

312 554 519 622 ualerenuuu
547 560 654 622 ortum
681 560 729 622 est
752 552 864 619 deinde
889 553 1097 636 εὐφημότερον
1118 558 1345 622 anteventum.
1391 553 1508 640 Itaque

313 662 409 727 nihili
440 669 487 728 est
516 661 670 749 Stephani
700 660 899 738 Μαοοεντδο,
925 665 957 726 et
983 664 1187 747 perspicuum
1211 667 1260 730 est
1285 662 1362 727 olim
1388 661 1509 748 oppido

313 767 486 832 Μολόεντα
525 789 641 834 nomen
681 768 786 833 fuisse.
846 766 1015 832 Contracta
1048 769 1151 834 forma
1182 773 1312 840 Μαλοῦς
1348 770 1510 852 reperitur

315 875 400 960 apud
429 873 618 940 Strabonem
649 895 723 962 pag.
746 872 822 938 603.
869 875 1012 959 Antiqua
1033 875 1118 960 apud
1141 875 1364 962 Thucydidem
1387 873 1445 940 ΠΙ.
1473 873 1507 940 3.

314 979 346 1052 ἒς
369 980 421 1046 τὸν
444 979 615 1046 Μαλδεντα
640 980 773 1059 ἐξῆλθον.
1550 978 1552 983 ’

537 1223 765 1291 Revocaudum
789 1222 825 1289 cd
849 1222 1159 1304 ταραγεμμαμμένον
1181 1225 1268 1290 ἰῶτα.

360 1407 469 1472 Etiam
488 1407 521 1472 in
543 1405 635 1471 libris
657 1405 811 1478 vetustis,
831 1405 888 1470 ubi
906 1406 941 1470 rt
966 1406 1042 1471 loica
1065 1409 1173 1472 vetere
1195 1425 1284 1472 more
1306 1405 1507 1493 adscriptum

317 1515 496 1596 comparet,
527 1510 691 1596 complura
712 1510 868 1577 vocabula
890 1511 967 1577 loica
989 1511 1191 1600 negligenter
1212 1514 1331 1579 omisso
1353 1511 1509 1578 mendosa

317 1624 399 1683 sunt.
448 1617 561 1704 Itaque
583 1615 731 1684 Straboni
753 1619 873 1703 passim
895 1617 1071 1684 reddendae
1093 1623 1169 1684 sunt
1189 1618 1268 1684 haec
1288 1619 1425 1684 formae:

350 1723 516 1806 Ἀχελῷος.

365 1829 447 1912 ζῷον.

363 1937 461 2020 Κῷος,
492 1935 657 2022 Μορτῷος,
688 1937 823 2014 Γελῷος,
854 1937 1006 2017 Νεολῷος,
1040 1937 1206 2018 Ἀνραθῷοι
1242 1936 1331 2022 (libri
1364 1934 1508 2016 olapddoot

405 2063 480 2131 pag.
513 2040 603 2126 331).
636 2047 668 2108 et
697 2045 826 2109 omnino
847 2041 976 2108 nullum
1001 2049 1049 2109 est
1072 2043 1265 2110 adiectivum
1289 2039 1449 2110 Graecum
1472 2044 1509 2107 in

317 2157 444 2215 -ΩΟΟ
468 2150 592 2234 exiens,
616 2150 652 2214 in
676 2157 819 2214 -nloc
844 2154 960 2216 exeunt
983 2151 1101 2216 omnia.

361 2255 471 2340 intpp.

362 2367 512 2448 Μντοῷα.

267 2560 269 2566 Α
361 2470 480 2556 Maesta.

361 2577 469 2661 ardna

362 2687 467 2768 retra
495 2707 570 2753 eum
602 2686 786 2772 compositis
821 2683 1039 2766 ἄνδοδτνοατ.
1074 2682 1266 2764 tetsanae.
1302 2679 1507 2764 ὶκοδτονοον,

317 2793 508 2875 dulmene,
533 2796 608 2858 cett.

362 2903 477 2982 Πτῷον.

361 3008 508 3091 upplan.

364 3119 498 3199 ὑπερῷοι.

362 3224 412 3308 ᾦα
432 3229 465 3290 et
488 3222 636 3306 ᾠοτοκεῖν.

362 3329 527 3398 Contrario
551 3347 655 3394 errore
678 3328 809 3411 peccent
831 3323 951 3389 scribae
974 3324 1032 3389 ubi
1054 3323 1210 3399 ἆοοὶννμτι,
1236 3323 1358 3402 titiam
1382 3327 1415 3389 st
1433 3326 1509 3389 sim.

319 3437 490 3514 dederunt,
515 3445 547 3501 et
570 3436 605 3498 in
629 3433 754 3499 aoristis
778 3424 862 3508 ἦνμι,
887 3428 1018 3514 ipsura,
1042 3429 1226 3515 reliquaque
1246 3430 1280 3495 id
1299 3451 1410 3517 genus.

360 3542 519 3627 Perpetuo
551 3540 670 3605 scribae
699 3538 870 3612 librorum,
904 3556 981 3621 quos
1011 3536 1166 3601 babemus
1196 3538 1334 3621 optimos
1365 3541 1397 3600 et
1426 3537 1510 3602 anti-

317 3651 503 3735 quissimos,
525 3645 685 3716 Platonis,
707 3643 949 3716 Demosthenis,
972 3639 1143 3726 Herodoti,
1165 3642 1323 3708 adverbiis
1342 3642 1376 3706 iu
1399 3667 1508 3720 -τεμο

317 3763 349 3821 et
382 3755 499 3818 -τοὲτω
529 3755 675 3838 ineptum
707 3751 784 3815 ἰῶτα
815 3749 928 3815 addere
960 3747 1078 3824 solent,
1108 3747 1255 3825 ἄνα-τέμοι
1280 3748 1451 3814 scribentes
1474 3753 1510 3814 et

318 3859 476 3928 dracoleni
501 3859 712 3944 similiterque
734 3859 768 3921 in
792 3857 923 3921 caeteris
947 3854 1106 3920 omnibus.
1152 3853 1241 3919 Idem
1263 3853 1416 3918 mendum
1439 3877 1509 3919 eoae

316 3975 430 4034 stanter
454 3971 582 4052 apparet
608 3965 643 4028 in
666 3963 829 4029 Strabonis
852 3962 974 4046 optimo
997 3962 1042 4026 A:
1067 3959 1106 4026 ad
1129 3980 1203 4047 pag.
1230 3957 1249 4024 9
1274 3964 1405 4025 annotat
1426 3959 1508 4026 Kra-

316 4089 442 4140 merus:
476 4071 666 4150 „laydrspas
695 4070 724 4134 A
747 4068 840 4133 etsie
863 4064 1048 4132 comtaatffl
1071 4067 1244 4131 etiterum
1268 4064 1307 4130 ad
1329 4086 1402 4153 pag.
1427 4065 1506 4132 289.

319 4180 519 4260 „terestres
542 4178 571 4242 A
594 4197 629 4240 οο
650 4175 694 4238 sic
711 4172 913 4260 plerumque.”
948 4171 1032 4253 Quid
1055 4175 1160 4257 potest
1182 4191 1249 4237 esse
1271 4171 1332 4236 hac
1349 4175 1508 4258 scriptura

315 4282 473 4371 ineptius?
509 4281 571 4348 Sed
602 4280 725 4346 librarii
755 4280 949 4345 imbiberant
978 4276 1078 4343 semel
1100 4277 1181 4342 hauc
1204 4278 1350 4363 apionem
1372 4299 1506 4365 eamque

315 4395 350 4458 in
372 4389 536 4457 scribendo
559 4387 781 4474 sequebantur.

361 4495 411 4563 Ad
433 4495 520 4562 idem
544 4515 645 4581 genus
667 4495 822 4562 vitiorum
846 4491 1045 4558 referendum
1069 4495 1116 4558 ast
1135 4489 1187 4574 id,
1206 4489 1290 4576 quod
1308 4491 1342 4555 in
1357 4499 1505 4558 Alllzo·
