3342 5080
698 345 763 424 565

180 539 270 612 Haeo
298 543 363 611 lere
396 549 472 610 sunt
501 565 581 630 quae
611 543 762 632 Sophista
791 567 830 612 ex
853 545 1066 613 Demosthene
1088 543 1239 610 sumsisse
1261 543 1324 610 Do·

135 653 228 720 braeo
250 651 393 729 ridetur,
418 651 473 717 sed
496 653 585 737 quis,
605 673 738 738 quaeso,
757 652 808 718 his
827 652 1000 740 diligenter
1017 651 1221 717 consideratis
1239 651 1323 715 mihi

134 780 196 825 non
219 759 310 825 dabit
330 779 393 824 non
402 759 501 843 sarto
519 757 597 824 haec
618 778 685 824 esse
703 779 805 844 neque
824 759 930 825 studio
950 759 1109 845 quaesitas
1127 759 1324 822 imitationes

134 886 236 952 neque
259 863 405 931 flosculos
428 865 467 931 de
489 864 646 930 industris
669 863 832 950 collectos,
857 865 911 930 sed
935 870 991 931 sut
1012 865 1240 941 συνερεστόσεις
1269 867 1325 929 sut

136 971 292 1050 ἐγκύκλια
323 972 471 1039 omnibus
500 971 640 1040 νίσνικιεί
667 971 871 1058 loquentibus
901 972 985 1038 ciros
1019 970 1151 1038 eandem
1186 974 1325 1036 aetatem

136 1074 342 1144 communia?

180 1183 274 1250 Dixit
303 1183 484 1272 Hyperides
514 1204 587 1272 pag.
621 1179 698 1250 776.
731 1182 762 1249 8.
787 1181 924 1274 figurate
947 1182 1049 1266 ε’ροίνου
1073 1183 1251 1264 σνιηρυσαί,
1276 1182 1326 1248 bis
1392 1193 1395 1200 '

136 1293 170 1356 in
201 1289 345 1355 Midioen
374 1309 449 1377 pag.
483 1286 547 1356 547
579 1293 611 1354 et
635 1285 701 1355 574
726 1287 818 1356 affine
841 1290 918 1376 quid
942 1290 1065 1357 dixerat
1088 1289 1328 1357 Demosthenes.

136 1395 225 1462 Num
250 1397 353 1485 igitur
375 1393 457 1461 illud
480 1417 519 1461 ex
542 1396 602 1460 hoc
624 1400 737 1460 natum
759 1415 826 1461 esse
850 1393 1022 1482 putemusl
1045 1396 1168 1463 Notum
1192 1400 1241 1461 est
1264 1395 1329 1460 dic-

137 1509 208 1568 tum
234 1501 408 1568 citharoedi
431 1502 472 1568 sd
492 1500 683 1588 Philippum
707 1501 753 1589 (in
775 1500 864 1567 Plut.
890 1501 1004 1568 Horat.
1027 1523 1101 1592 pag.
1128 1501 1182 1571 67.
1195 1503 1259 1588 o.):
1284 1503 1329 1580 μη

136 1606 257 1687 γένοιτό
288 1631 332 1672 σοι
366 1605 476 1684 οὕτως,
506 1604 527 1672 ὦ
559 1607 711 1686 βασιλεῦ,
742 1613 863 1684 κακῶς,
896 1605 933 1674 ἵν’
966 1609 1041 1686 ἐμοῦ
1071 1613 1178 1675 ταῦτα
1206 1608 1330 1687 βέλτιον

138 1715 225 1798 εἰδῇς.
252 1714 444 1781 Dicamusne
466 1714 543 1781 haec
566 1735 605 1779 ex
628 1712 804 1802 Hyperidis
828 1719 884 1779 aut
905 1714 1130 1781 Demosthenis
1148 1718 1329 1780 imitatione

137 1817 287 1886 fluxisse?
335 1821 376 1884 Οἱ
406 1818 600 1901 Φιλοσόνηροι
634 1823 667 1885 et
696 1819 780 1906 apud
814 1818 1014 1908 Hyperidem
1049 1826 1081 1886 et
1111 1821 1195 1906 apud
1228 1819 1329 1886 Theo-

138 1927 306 2012 phrastum
325 1925 510 2012 improbum
534 1925 751 2014 demagogum
771 1923 932 2013 appellant
952 1925 1030 1992 κείνα
1047 1931 1100 1993 τοῦ
1121 1926 1227 2004 δόμου.
1254 1926 1330 1992 Om-

137 2055 192 2100 nes
222 2039 295 2098 tum
325 2035 372 2098 ita
394 2032 605 2119 loquebantur
627 2037 660 2096 et
683 2031 724 2096 ab
747 2031 819 2097 aliis
843 2032 953 2099 andita
976 2054 1033 2120 pro
1056 2036 1123 2100 suis
1145 2034 1328 2099 utebantur.

182 2139 291 2205 Multo
320 2140 423 2227 igitur
453 2137 571 2204 melius
602 2142 635 2204 et
664 2140 772 2204 sanius
807 2159 846 2204 ex
879 2139 930 2204 his
962 2141 1112 2206 omnibus
1142 2138 1332 2226 colligemus

140 2243 308 2332 populares
339 2249 371 2311 et
402 2243 548 2330 aequales
577 2264 630 2309 eos
660 2243 758 2310 fuisse
791 2246 846 2330 qui
879 2247 913 2310 in
944 2244 1081 2313 dictione
1111 2250 1144 2312 et
1166 2248 1313 2313 sentent''

139 2357 206 2418 tam
231 2354 296 2416 sint
318 2353 403 2417 inter
424 2371 457 2417 se
480 2349 614 2416 similes.

182 2457 320 2543 Reliqua
350 2459 406 2542 qni
435 2455 523 2524 volet
553 2455 678 2522 utiliter
707 2461 739 2522 et
770 2457 909 2523 iucunde
938 2459 1149 2544 comparabit:
1182 2456 1330 2543 equidem

138 2562 292 2651 pauculos
324 2586 363 2631 ex
392 2563 578 2652 Hyperides
608 2565 748 2629 oratione
779 2562 866 2630 locos
895 2564 924 2629 si
956 2569 1065 2650 potero
1100 2563 1330 2630 emendatiores

139 2671 281 2738 reddam

183 2879 265 2969 Peg.
298 2877 374 2947 770.
408 2877 461 2944 13.
490 2880 516 2944 εί
539 2877 597 2956 μέν
619 2880 694 2945 είσιν
719 2879 800 2957 ὑμῶν
823 2879 849 2943 οἱ
874 2877 998 2951 πλείους
1022 2872 1074 2943 οίοι
1094 2878 1164 2951 τοὺς
1187 2878 1329 2960 πονηροὺς

138 2993 243 3069 Φιλεῑυ
277 2985 342 3072 [καί
374 2984 512 3074 σιόζειν],
530 3022 571 3034 -
590 2986 615 3051 εί
639 2985 665 3050 δ’
689 2980 741 3051 οίοι
764 2991 865 3062 μισεῖν
889 2984 955 3050 ιιι-ἓ.
1001 2982 1182 3051 Delendum
1205 2991 1252 3053 est
1276 2986 1328 3052 καί

137 3093 242 3176 σόζειν
269 3091 385 3158 inutile
415 3097 448 3158 et
477 3093 684 3159 concinnitati
714 3093 887 3158 sententiae
916 3111 979 3156 non
1002 3096 1199 3159 conveniens.
1246 3092 1284 3158 ln
1307 3091 1331 3159 S

138 3220 175 3267 ea
205 3199 304 3268 verbs
333 3200 438 3285 prims
468 3218 583 3264 manus
609 3201 737 3276 omisit,
769 3204 924 3263 corrector
954 3216 993 3262 ex
1024 3195 1087 3263 alio
1116 3197 1198 3266 libro
1218 3201 1253 3264 in
1275 3221 1330 3267 ora

138 3308 256 3393 posuit.
303 3303 439 3370 Perinde
461 3309 510 3370 est
531 3325 567 3370 ao
591 3306 618 3370 si
642 3304 792 3370 dixisset:
817 3305 842 3368 εί
866 3303 923 3380 μὲν
944 3302 1141 3386 Φιλοπόνηροί
1159 3304 1233 3370 είσιν
1246 3308 1327 3372 -εί

138 3412 169 3478 δὲ
201 3409 409 3495 μισοπόνηρον,
440 3415 478 3475 ut
509 3409 617 3496 paullo
647 3417 720 3477 ante
743 3410 881 3476 dixerat:
905 3411 944 3482 oie
968 3407 1007 3474 οἰν
1030 3407 1139 3482 lucror
1164 3410 1246 3490 ὑμῶν
1270 3409 1331 3494 ἔχη

138 3519 210 3600 πρὸς
242 3519 278 3584 τό
308 3517 325 3593 ἢ
358 3515 566 3598 δυσχεραίνειν
594 3517 610 3592 οἳ
640 3518 813 3598 προσίεσθαι
845 3514 999 3596 πονηρίαν.
1046 3515 1131 3582 Scite
1163 3522 1195 3582 et
1221 3516 1326 3604 lepide

139 3626 237 3692 dixit:
259 3623 363 3704 μόνην
388 3622 639 3705 ἐρραψῳδηκότας
660 3626 744 3700 iuri:
765 3621 908 3700 ἔσεσθαι,
929 3623 962 3686 in
983 3621 1099 3708 quibus
1117 3624 1223 3690 verbis
1241 3625 1329 3689 notio

138 3737 192 3798 νοῦ
216 3728 320 3811 σώζειν
343 3731 395 3796 σόν
417 3728 580 3812 <perirem
602 3728 696 3816 plane
717 3731 810 3796 inest.
847 3737 851 3743 '

183 3941 263 4031 Peg.
299 3937 373 4008 770.
406 3937 460 4005 20.
492 3938 563 4020 πρὸς
595 3937 715 4005 νίσοντ’
740 3936 882 4020 ἔρχονται
906 3938 949 4004 νίν
973 3937 1135 4019 δικαίη-νόριον
1158 3935 1183 4002 cl
1205 3937 1264 4015 μὲν
1286 3938 1329 4004 δι-

140 4049 236 4120 usal
268 4047 354 4127 νεαρόν
386 4049 440 4112 τοῦ
464 4043 636 4127 κατηγόρου
659 4046 711 4111 καί
734 4049 788 4111 τοῦ
812 4043 983 4126 φεύγουσαι
1007 4045 1042 4110 τό
1065 4046 1203 4125 σρῖογροα
1227 4043 1328 4121 μαθό-

140 4155 279 4235 οόμενοι,
299 4191 341 4202 -
358 4153 384 4218 οί
414 4151 442 4216 δ’
475 4151 619 4218 ιίνσίδιιιοι
651 4153 720 4232 μεθ’
753 4151 864 4216 ἑαυτοῦ
895 4148 997 4229 δείξων
1027 4148 1167 4229 ίκνίτερος
1191 4147 1264 4215 όντα
1288 4151 1330 4216 τὰ

141 4270 199 4330 τῶν
229 4259 327 4337 νόμιον
357 4259 462 4325 δίκαια
495 4259 651 4344 [ίσχυροί].
705 4257 768 4339 Qui
802 4255 918 4338 ἰσχυροί
952 4277 991 4322 ex
1022 4253 1228 4342 praecedente
1262 4254 1331 4322 loco

141 4390 215 4458 pag.
238 4365 313 4435 750.
337 4365 366 4430 ὅ.
392 4366 446 4452 (τὰ
467 4365 586 4430 τουτουί
605 4371 659 4430 τοῦ
685 4365 800 4442 circilo:
824 4361 930 4429 δίκαιοί
950 4364 1012 4432 rev
1032 4359 1160 4448 ἰσχυροί)
1182 4363 1330 4442 inseruit,

141 4476 295 4563 pervertit
318 4473 435 4539 omnia.
482 4470 622 4538 Planum
646 4476 678 4538 et
700 4471 907 4536 notissimum
931 4474 995 4536 est:
1018 4469 1090 4548 μετ’
1114 4468 1188 4548 ἐμοῦ
1211 4467 1253 4533 σίν
1272 4475 1331 4536 τῶν
