3356 5086
720 337 784 410 347

171 531 275 602 vitiose
306 537 339 602 st
362 529 502 615 soloeoa,
524 551 599 598 nam
623 527 729 606 artaret
752 555 940 621 suspensum
961 537 1131 622 estusque
1153 556 1215 622 quo
1238 536 1351 606 refera-

169 639 341 706 turbabat.
387 637 544 704 Mendnm
569 642 616 704 est
638 641 672 704 in
693 639 786 706 libris
806 641 1035 708 recentioribus
1058 647 1185 730 ortum,
1210 664 1349 730 namque

169 765 236 810 vera
257 744 352 812 lectio
375 744 461 831 apud
482 749 605 810 veteres
628 750 724 811 testes
747 752 872 814 servata
894 747 971 815 haec
994 752 1058 815 est:

431 842 458 915 oi
482 849 510 917 δ’
536 851 603 916 ἐπεὶ
629 853 691 917 ἘΚ
716 852 820 928 πόλιος
843 853 993 931 κατέβαν.

207 957 256 1023 Ad
278 967 316 1022 E.
342 955 397 1023 26.
422 955 472 1043 (Φ.
498 953 564 1042 32).

318 1062 394 1128 δῶκε
416 1063 441 1128 δ’
467 1062 628 1142 ἑταίροισιν
650 1064 858 1143 κατάγειν
880 1065 988 1140 κοόλας
1014 1067 1063 1132 ert
1089 1075 1175 1142 νῆας.

167 1173 343 1235 annotatur:
365 1170 396 1234 έν
415 1171 549 1250 ταπεινῷ
570 1169 633 1252 γάρ
652 1172 687 1235 τό
707 1170 897 1251 ναόςαόμον,
916 1172 977 1250 ἥδέ
989 1171 1079 1248 πόλις
1091 1172 1263 1252 ἠνεμόεσσα
1276 1173 1346 1239 καὶ·

430 1267 456 1340 ei
478 1276 505 1341 δ’
528 1275 594 1341 έπεὶ
622 1277 685 1342 ἘΚ
710 1276 814 1350 πόλιος
836 1277 991 1358 κατέβαν.

165 1385 196 1446 et
217 1381 255 1446 ad
278 1391 322 1472 Ζ.Ι
339 1380 393 1448 53.

318 1487 371 1553 καὶ
396 1488 431 1564 δά
454 1512 508 1566 μιν
532 1487 612 1569 τάχ’
635 1488 751 1568 έμελλε
776 1490 845 1564 όοάς
869 1488 920 1556 ἐπὶ
945 1497 1020 1566 νῆας
1043 1491 1182 1571 Ἀχαιῶν

318 1593 421 1661 δώσειν
446 1590 467 1676 ᾦ
492 1593 648 1677 θεράποντι
673 1595 865 1676 καταξέμεν.

208 1699 356 1768 Scholion
379 1707 444 1767 est:
470 1703 576 1786 ὑψηλὴ
599 1703 663 1782 γάρ
687 1704 738 1769 καὶ
763 1703 935 1780 ἠνεμόεσσα
959 1703 976 1776 ri
997 1704 1102 1776 Ἴλιος.

205 1797 356 1891 Homeris
390 1810 468 1874 sibi'
487 1811 555 1894 ipse
590 1809 651 1874 tert
679 1829 785 1894 opem,
819 1829 896 1876 nam
927 1810 962 1872 in
992 1806 1135 1895 Odyssea
1157 1829 1281 1897 quoque
1304 1813 1349 1878 sio
1483 1856 1487 1872 ,

164 1913 283 1980 dixerat
306 1898 338 1980 α’.
364 1913 442 1980 205.

250 2013 276 2085 ei
300 2018 328 2085 δ’
354 2020 420 2084 ἐπεὶ
444 2025 507 2086 ἘΚ
531 2019 636 2094 πόλιος
660 2022 820 2101 κατέβαν,
845 2019 937 2102 τάχα
962 2017 988 2084 δ’
1012 2018 1105 2099 άνρόν
1128 2019 1235 2088 ἵκοντο.

161 2127 217 2192 ubi
236 2129 402 2193 annotavit
421 2126 551 2214 aliquis:
577 2129 761 2208 κατέβανι
786 2127 852 2194 ἐπεὶ
878 2125 995 2206 ὑψηλός
1020 2126 1034 2192 ό
1058 2122 1153 2208 λόφοι
1179 2126 1257 2204 isia,
1280 2130 1346 2196 vid.

161 2232 319 2300 Mnemon.
345 2231 444 2300 1873.
468 2254 542 2322 pag.
568 2233 622 2300 43.

205 2339 450 2406 Eiusdemmodi
479 2343 640 2407 annotatio
671 2340 711 2406 ad
737 2339 830 2408 Iliad.
867 2350 914 2408 Ω.
947 2336 1023 2404 329.
1058 2340 1237 2420 intercidit,
1272 2361 1348 2407 nam

161 2444 239 2511 talia
268 2445 515 2534 diligentissime
545 2447 762 2515 observabant
811 2446 921 2533 Itaque
952 2466 1053 2532 quum
1082 2448 1116 2512 in
1146 2444 1287 2534 Odyssea
1315 2461 1347 2514 λ.

164 2548 238 2618 187.
261 2551 442 2640 legeretur:

203 2661 305 2738 πατὴρ
329 2657 361 2722 di
384 2660 435 2731 σὸς
459 2659 563 2725 atriis
586 2659 692 2738 μίμνει
715 2658 817 2739 ’λγρῷ
842 2658 907 2725 οὐδὲ
930 2658 1053 2724 πόλινδε
1076 2657 1276 2741 κατέρχεται.
1338 2677 1342 2685 ’

160 2765 270 2845 άπορεΐ
290 2762 531 2832 Grammaticus
554 2767 659 2832 neseio
681 2767 856 2852 quietatis
880 2761 946 2832 οὖν·

250 2863 277 2936 οἳ
301 2870 327 2936 δ’
353 2871 419 2936 έπε)
445 2871 480 2937 έκ
502 2871 607 2944 πόλιος
631 2872 791 2956 κατέβαν,
815 2871 907 2950 τάχα
930 2871 957 2937 δ’
979 2873 1075 2952 άγρὸν
1099 2867 1205 2938 ἵκοντο.

160 2976 225 3044 vid.
256 2976 415 3044 Mnemos.
449 2975 546 3043 1873.
577 2999 650 3067 pag.
687 2977 718 3050 5,
764 2976 904 3043 Miratur
932 2977 1028 3044 bomo
1060 2977 1137 3062 quid
1168 2980 1210 3042 sit
1236 2999 1293 3044 our
1315 2985 1348 3044 et

160 3083 283 3150 πόλινδε
313 3085 531 3166 ΚΑΤέρχεται
563 3092 596 3150 et
625 3086 659 3149 ἐκ
689 3083 792 3156 πόλιος
821 3083 990 3162 ΚΑΤέβαν
1013 3083 1137 3148 dicetur
1160 3103 1261 3169 quum
1284 3085 1349 3148 sint

158 3190 235 3256 baso
257 3192 342 3256 inter
364 3210 397 3255 se
420 3193 592 3258 contraria:
617 3193 725 3276 itaque
749 3189 828 3255 duaa
849 3191 1095 3275 praepositiones
1118 3192 1202 3256 inter
1223 3210 1257 3256 aa
1280 3209 1348 3275 per-

158 3301 302 3362 mutatas
331 3315 399 3362 osse
429 3299 621 3382 suspicatur:
649 3300 700 3362 νῦν
723 3293 771 3363 οὖν
795 3299 811 3372 ἡ
838 3296 944 3362 κατά
966 3296 1036 3360 άντ)
1059 3302 1115 3372 τῆς
1139 3295 1211 3361 άπό.
1259 3296 1349 3362 Futi-

158 3400 299 3466 lissime:
328 3407 453 3488 poterat
479 3403 591 3470 eodem
612 3407 683 3469 iure
705 3403 808 3470 dioere
832 3400 917 3469 κατά
940 3403 1079 3488 positam
1102 3423 1168 3468 asse
1190 3421 1247 3488 pro
1270 3400 1345 3479 άνά,

159 3512 192 3573 et
222 3509 332 3575 omnia
363 3529 479 3595 susque
509 3510 627 3596 deque,
655 3507 716 3574 άνω
747 3509 800 3574 καὶ
832 3506 935 3587 κάτω,
968 3508 1097 3576 eoniusa
1128 3513 1160 3574 et
1188 3509 1350 3594 permixta

160 3619 263 3680 erunt.
310 3613 368 3680 ua
398 3625 507 3682 tamen
531 3637 582 3682 rea
605 3615 857 3702 simplicissima:
883 3615 959 3682 urbs
982 3618 1030 3680 est
1052 3614 1092 3680 ad
1115 3615 1261 3678 marein
1284 3610 1350 3680 alto

162 3719 288 3786 tumulo
314 3722 385 3788 site.
433 3720 634 3808 Quicumque
656 3725 760 3810 igitur
783 3742 821 3788 ex
844 3723 993 3788 interiore
1016 3741 1093 3809 agro
1117 3719 1157 3784 ad
1180 3718 1272 3785 littus
1298 3739 1350 3785 aa·

161 3827 244 3894 oodit
269 3828 475 3908 καταβαίνει,
500 3830 706 3909 κατέρχεται,
732 3832 763 3895 et
783 3828 908 3915 siquid
928 3826 1008 3894 illua
1030 3827 1119 3893 duait
1141 3824 1296 3905 κατάγει,
1317 3833 1350 3892 et

159 3933 233 4001 hino
252 3934 338 4021 apud
356 3935 537 4002 Homerum
558 3941 605 4004 est
625 3937 779 4014 κατάγειν
799 3935 850 4000 ἐπὶ
871 3941 965 4010 νῆας,
985 3932 1034 3998 έπ1
1057 3942 1131 4010 νῆας
1152 3931 1348 4013 καταξέμεν,

160 4061 221 4106 nen
244 4043 320 4127 quia
341 4043 417 4108 urbs
441 4041 535 4108 Troia
558 4043 593 4108 in
616 4042 681 4110 alto
704 4043 808 4128 posita
830 4046 892 4126 eat,
916 4040 973 4108 aed
994 4042 1070 4126 quia
1092 4040 1106 4106 ό
1125 4037 1272 4118 αἰγιαλὸς
1292 4047 1348 4116 τῆς

161 4146 261 4224 άλλιρτ
292 4149 397 4228 χώρας
429 4147 643 4227 ταπεινότερός
674 4149 746 4217 ἕτιν.
795 4144 912 4216 Contra
943 4149 971 4212 si
1001 4150 1072 4232 quis
1095 4167 1134 4214 ex
1157 4146 1272 4232 oppido
1295 4167 1350 4214 rus

161 4255 241 4320 abiit
272 4255 311 4321 de
333 4254 461 4320 tumulo
485 4255 675 4323 descendens
698 4256 732 4320 έκ
756 4255 860 4328 πόλιος
885 4254 1024 4332 κατέβη,
1050 4259 1082 4320 et
1104 4253 1273 4338 utrobique
1296 4275 1349 4321 ne·

160 4364 250 4428 turae
268 4363 388 4427 veritas
410 4367 516 4428 serrat
556 4412 564 4427 .

203 4465 375 4535 Caeterum
396 4467 534 4534 ostendit
553 4467 681 4537 evidens
700 4466 855 4536 mendum
873 4465 1014 4536 evidenti
1034 4465 1254 4535 emendatione
1277 4467 1350 4538 sub·
