3296 5104
890 363 933 435 36

339 557 466 636 γένηται
501 557 579 645 (leg.
611 555 802 642 revicerat).
851 557 974 638 Quibus
1004 557 1126 623 addunt
1154 555 1255 622 multi
1283 554 1360 620 libri
1383 555 1499 620 haec:
1531 555 1558 620 εἰ

340 665 402 744 γὰρ
437 661 515 739 ἦσαν
550 661 665 744 εὕρητ’
702 661 740 728 θον
771 661 873 728 roilas
905 659 995 728 irrasi
1027 687 1066 741 ys
1097 667 1151 727 τοῦ
1183 661 1276 740 μηδὲν
1308 666 1392 739 ἡμᾶς
1420 661 1559 732 αὐτοὺς

338 779 433 835 ποιεῖν
463 769 590 834 ἐθέλειν·
622 769 699 834 ἀλλ’
732 771 785 833 οὐκ
821 769 903 834 ricla.
952 769 1039 848 Quae
1070 771 1098 832 si
1129 771 1269 856 genuina
1290 769 1393 834 forent
1417 767 1559 834 saltem

337 883 410 962 post
440 874 620 950 ποιήσοντας
655 874 803 940 collocari
827 875 1028 952 debuissent,
1054 873 1109 939 sed
1131 873 1237 940 multo
1260 877 1360 939 satius
1384 879 1438 939 est
1467 895 1557 960 pan·

336 1003 416 1046 num
435 983 521 1047 hunc
541 982 750 1049 Demostheni
766 983 955 1066 praesertim
975 983 1008 1044 in
1027 979 1087 1046 hec
1109 982 1173 1045 acri
1192 985 1224 1045 et
1236 982 1380 1045 animose
1391 982 1557 1046 oratione

339 1087 530 1154 abiudicare.
638 1127 641 1134 ⁴

382 1300 573 1366 Accedimus
604 1299 644 1364 ad
674 1297 892 1384 Philippicam
921 1300 1086 1383 quartam,
1116 1316 1213 1380 quam
1236 1297 1391 1381 impostor
1415 1294 1554 1381 aliquis

338 1407 540 1472 Atheniensis
571 1404 653 1470 lucri
675 1404 810 1490 cupidus
833 1402 946 1468 callide
970 1425 1009 1468 ex
1031 1401 1247 1487 pulcherrima
1269 1422 1393 1487 queque
1416 1400 1552 1468 Demo

338 1513 459 1577 sthenis
498 1512 639 1576 oratione
683 1511 912 1575 consarcinavit
953 1513 991 1574 ut
1033 1507 1256 1574 Ptolemaeum
1298 1507 1445 1592 aliquem
1489 1514 1550 1574 aut

338 1616 490 1704 Pergami
524 1637 634 1703 regem
668 1615 780 1703 grandi
815 1616 951 1700 pecunia
985 1619 1183 1702 emungeret.
1231 1615 1381 1699 Quisquis
1417 1619 1476 1679 est
1515 1619 1550 1677 et

339 1721 478 1790 θσσνκνςθ
508 1722 604 1807 probs
627 1721 784 1786 scribebat
807 1725 840 1786 et
858 1722 893 1784 in
915 1722 1064 1807 genuinis
1087 1719 1311 1786 Demosthenis
1335 1719 1547 1784 orationihus

340 1829 397 1894 diu
429 1833 461 1894 et
491 1826 635 1892 multum
657 1833 724 1892 erat
748 1830 908 1904 versutus,
931 1831 969 1890 ut
991 1826 1078 1891 fraus
1101 1825 1227 1891 tamdiu
1248 1825 1348 1892 latere
1370 1827 1544 1910 potuerit,

344 1955 425 2020 quae
448 1955 532 1999 nunc
555 1935 733 2018 suspicione
756 1931 856 1998 semel
875 1952 894 1996 e
912 1930 1120 1997 Valckenario
1141 1937 1230 1998 mota
1248 1937 1392 2016 („quaria
1411 1932 1544 2015 Philip-

332 2040 425 2125 pica,
461 2062 536 2125 quae
570 2039 645 2102 mili
678 2039 795 2123 quidem
825 2060 861 2102 ec
890 2037 1110 2102 Demosthenem
1139 2039 1176 2101 ab
1206 2037 1271 2101 alic
1297 2060 1387 2101 οαοαα
1411 2039 1544 2102 videtur

339 2145 485 2230 conflata’'
507 2147 542 2209 in
566 2148 644 2210 orat.
668 2145 705 2208 de
727 2143 867 2226 Philippo
891 2144 1055 2208 Macedone
1071 2163 1143 2231 pag.
1158 2143 1237 2230 251)
1263 2145 1408 2208 omnium
1430 2143 1541 2209 oculis

338 2257 435 2337 petet.

384 2460 465 2549 Pag.
487 2451 573 2524 Ι133.
606 2456 661 2524 22.
694 2457 896 2523 κατέσκαπτε
928 2460 1063 2538 Πορθμὸν
1093 2460 1144 2524 καὶ
1169 2459 1330 2540 τυραννίδα
1354 2459 1538 2540 θαανσοκρὺ

337 2573 393 2640 τῆς
425 2568 571 2638 Ἀττικῆς
603 2564 799 2644 ἐπετείχισεν
823 2564 893 2641 ὑμῖν
920 2566 964 2651 [ἐν
988 2575 1026 2646 τῇ
1049 2564 1196 2649 Εὐβοθρ].
1244 2565 1362 2650 Ecquis
1387 2568 1450 2630 erit
1479 2567 1537 2652 qui

335 2673 429 2739 futile
452 2671 612 2738 emblema
633 2670 687 2737 rel
710 2670 794 2756 apud
816 2670 901 2737 hunc
923 2673 1131 2756 impostorem
1154 2671 1229 2736 ferri
1252 2692 1342 2758 posse
1366 2669 1490 2756 putet?

381 2884 459 2950 Post
481 2903 583 2968 pauca
604 2885 763 2968 sequitur:
789 2880 871 2946 οὐδὲν
889 2883 1091 2964 ἕφροντθοατε
1113 2880 1174 2947 οὐδ’
1195 2882 1394 2964 ε’σεςροθφνσε
1416 2881 1533 2947 oeten

335 2990 459 3056 τούτων.
493 2987 546 3055 Sic
568 2988 606 3067 S;
632 2992 748 3055 caeteri
770 2989 819 3054 ἐπ’
844 2988 939 3054 οὐδενί
962 3009 980 3054 a
1002 2993 1109 3054 vetere
1133 2995 1314 3056 correctore.
1338 2989 1533 3076 Legendum

339 3096 418 3162 οὐδε
437 3096 561 3161 τούτων.

380 3305 460 3396 Pag.
487 3303 562 3372 134.
588 3303 640 3370 13.
673 3303 817 3378 κααθνους
850 3305 907 3383 μέν
939 3307 983 3374 isc
1011 3307 1063 3372 καὶ
1089 3306 1194 3387 ἐχθρὸς
1218 3303 1273 3389 deq
1297 3316 1336 3390 τῇ
1362 3306 1453 3374 adusi
1479 3307 1529 3372 cai

335 3415 378 3496 τῷ
401 3421 457 3488 τῆς
482 3412 599 3486 πόλεως
624 3409 756 3493 ἔδθΦεο,
780 3413 936 3491 προσθήσω
958 3412 988 3478 δὲ
1007 3412 1058 3477 καὶ
1072 3413 1139 3484 ’τοῖς
1163 3414 1191 3478 ἐν
1211 3424 1250 3496 σῇ
1271 3414 1360 3479 πόλει
1382 3424 1528 3490 oreore,

335 3518 418 3600 οἵπερ
447 3519 539 3584 αὐτὸν
569 3515 751 3594 ἐξολέσειαν.
801 3517 863 3598 Qui
894 3519 933 3585 de
957 3516 1150 3586 Graecorum
1176 3521 1329 3608 religione
1352 3523 1531 3608 scripturus
1639 3577 1640 3602 q

336 3632 385 3694 est
414 3624 516 3690 nolito
547 3644 694 3709 quaerere
725 3644 787 3709 quo
818 3630 910 3709 pecto
932 3624 1104 3711 Philippus
1126 3625 1261 3692 Macedo
1283 3626 1529 3693 Atheniensium

335 3732 418 3797 Deos
449 3730 550 3797 odisee
580 3732 721 3816 potuerit
752 3735 808 3795 sut
838 3733 894 3816 qui
924 3731 1054 3797 tandem
1085 3734 1150 3796 sint
1180 3733 1205 3796 oi
1230 3733 1259 3796 ἕν
1283 3742 1321 3814 τῇ
1347 3731 1435 3796 πόλει
1461 3731 1526 3798 θεοί.
1639 3775 1640 3790 .

335 3837 459 3922 Nempe
488 3856 610 3902 novum
637 3837 697 3902 hoc
719 3835 861 3903 Deorum
887 3858 989 3925 genus
1011 3859 1050 3902 ex
1073 3839 1255 3923 impostoris
1278 3841 1378 3904 nostri
1403 3840 1527 3906 cerebro

334 3941 491 4030 prosiluit.
539 3941 676 4030 Legerat
706 3942 791 4027 apud
822 3943 1069 4009 Demosthenem
1102 3963 1175 4031 pag.
1206 3942 1260 4008 99.
1284 3942 1338 4010 20.
1371 3946 1524 4025 προσθήσω

335 4048 365 4113 δὲ
390 4047 443 4113 καὶ
467 4057 531 4120 τοῖς
555 4050 584 4113 ἐν
608 4058 646 4130 τῇ
678 4047 766 4113 σθλεο
793 4057 924 4114 HACIN
956 4051 1222 4116 ’sNePonfflc
1251 4049 1303 4118 καὶ
1328 4059 1389 4125 τοῖς
1414 4050 1524 4128 μοθλος’

334 4153 475 4233 οἰομένας
500 4155 585 4233 αὐτῷ
607 4152 790 4235 χαρίζεσθαι
802 4201 810 4232 ,
836 4153 948 4219 deinde
971 4153 1065 4239 plura
1086 4155 1175 4220 addit
1195 4155 1233 4219 de
1254 4155 1398 4243 Philippi
1420 4158 1525 4224 adver

333 4283 387 4328 sus
417 4261 592 4345 proditores
621 4265 693 4346 post
722 4259 935 4344 proditionem
957 4259 1029 4325 odio
1053 4265 1085 4326 et
1109 4264 1244 4327 resumit
1266 4264 1433 4329 institutae
1458 4285 1522 4329 sen·

335 4369 452 4434 tentiae
485 4364 576 4430 filum
606 4385 680 4453 pag.
706 4362 760 4429 99.
785 4363 839 4430 26.
863 4364 957 4429 οὐδενὶ
982 4365 1085 4443 μέντοι
1109 4371 1231 4444 μᾶλλον
1255 4370 1320 4434 xri.
1369 4369 1525 4455 Impostor

334 4495 435 4562 quum
458 4472 644 4556 interposita
666 4471 744 4537 haec
767 4473 915 4538 omittere
938 4470 1036 4537 vellet
1056 4475 1122 4536 tam
1143 4473 1292 4540 audacter
1312 4496 1408 4560 quam
1429 4474 1522 4542 stulte
1639 4487 1640 4490 ’
