3348 5086
872 275 937 347 360

301 491 374 541 nrm
397 477 445 542 est
460 471 630 558 ρεσειανίίο
651 472 804 558 temporis
826 491 883 556 pro
907 467 1097 552 ὁρμώμενοι,
1121 466 1225 534 veluti
1244 479 1281 536 Ρ.
1305 465 1382 536 738.
1404 472 1437 533 et
1454 473 1495 534 d.

305 579 357 647 14.
381 585 441 661 πῦρ
465 616 485 629 -
505 577 625 657 ὄρμενον
656 576 820 658 ἐξαίφνης,
854 581 886 642 et
916 588 958 642 A.
984 574 1060 641 326.
1085 571 1182 638 ποίλιν
1206 571 1337 654 ὀρμένω,
1361 578 1394 639 et
1418 569 1496 639 572.

301 684 415 766 ίρμενα
446 681 576 765 πρίσσω.
626 683 678 748 Sic
710 682 860 765 δέχμενοι
885 703 1010 768 quoque
1032 682 1196 747 Homerus
1221 682 1346 747 dixerat
1370 683 1498 763 quoties

303 795 458 859 sententie
477 813 618 874 praesens
640 794 768 875 tempus
786 789 957 855 manifesto
976 791 1127 874 requirit,
1147 787 1250 855 ueluti
1268 788 1352 854 Iliad
1366 799 1400 853 Β.
1419 786 1494 854 794.

484 893 515 969 ὃς
539 895 647 975 Τριίιων
671 895 784 968 σκοπὸς
808 893 852 975 ἵζε
874 935 915 944 -

484 1001 633 1081 δέχμενος
657 1000 775 1068 ίππίτε
799 1007 913 1084 ναῦφιν
935 1001 1140 1083 ἀφορμηθεῖεν
1164 1001 1303 1083 Ἀχαιοί.

305 1116 338 1177 et
359 1120 383 1175 Ι.
411 1106 487 1174 191.

508 1211 685 1294 Ποίτροκλοο
712 1251 753 1262 -
1027 1209 1080 1288 ήςο
1100 1221 1199 1294 σιωπή

507 1319 657 1400 δέχμενος
681 1319 830 1395 Αίακίδνιν
854 1319 945 1385 ίπίτε
970 1317 1088 1396 λήξειεν
1111 1318 1229 1385 ἀείδων.

305 1428 434 1495 sedebat
451 1430 587 1510 uterque
605 1433 775 1510 exspectans
794 1425 1073 1507 (προσδεχόμενος,
1097 1425 1289 1506 προσμένων,
1315 1423 1497 1510 προσδοκῶν)

304 1533 385 1600 alter
404 1534 482 1599 dum
501 1532 609 1597 hostes
628 1531 830 1607 advenirent,
851 1530 931 1597 alter
954 1532 1032 1596 dum
1051 1531 1195 1597 Achilles
1213 1532 1329 1598 feceret
1349 1531 1500 1596 cunmndi

304 1638 411 1705 finem.
457 1637 635 1723 Utrobique
658 1638 867 1718 προσδοκήσας
892 1659 967 1702 curn
991 1641 1148 1704 sententis
1171 1642 1305 1726 pugnet.
1340 1636 1527 1703 Similiter·

308 1757 346 1812 Σ.
372 1743 448 1810 524.

441 1848 492 1914 δύο
515 1848 620 1914 σκοποί
642 1845 727 1914 είαπο
741 1887 782 1898 -
796 1846 939 1930 δέχμενοι
962 1849 1081 1914 σ’ππίτε
1105 1857 1196 1927 μῆλα
1219 1849 1358 1917 σιδοίατο.

306 1959 395 2024 etin
418 1954 531 2044 Odyss.
561 1979 587 2020 ν.
614 1953 690 2021 385.
1247 1958 1249 1961 ’

657 2060 781 2140 πατέρα
805 2060 1017 2143 προσεδέρκετο
1040 2060 1190 2143 δέχμενος
1213 2062 1276 2126 αίεί

487 2168 605 2234 ὁππότε
629 2167 665 2244 δή
689 2176 853 2249 μνηςήρσιν
875 2168 1014 2234 οίναιδέσι
1036 2178 1148 2251 χεῖρας
1174 2169 1295 2252 ἐφήσει.

305 2275 362 2340 nbi
384 2272 438 2340 vel
469 2274 532 2339 αίεί
563 2273 709 2338 additum
726 2275 897 2358 praesentis
920 2277 1073 2361 temporis
1096 2277 1258 2341 notionem
1281 2278 1390 2363 arguit
1447 2272 1495 2340 Si·

305 2379 428 2446 militer
448 2381 484 2444 in
507 2381 702 2464 compositis.
738 2379 830 2446 Iliad.
856 2389 894 2444 H.
920 2380 996 2446 415.

420 2477 446 2550 σί
470 2485 497 2549 δ’
521 2481 588 2550 ἕατ’
612 2485 641 2549 έν
665 2486 763 2569 ἀγορή
788 2523 829 2534 -
854 2486 1068 2566 ποτιδέχμενοι
1093 2487 1205 2553 ὁππότ’
1229 2485 1275 2569 ἄρ’
1299 2485 1377 2553 έλίοι

839 2591 958 2664 Ἰδαῖον.

308 2704 341 2766 et
364 2709 388 2764 1.
415 2696 493 2765 628.

624 2802 656 2870 οἵ
672 2827 730 2870 πον
754 2809 804 2870 νῦν
828 2801 921 2872 ἕαται
946 2806 1172 2889 τοτιδέχμενοι.

308 2915 341 2976 et
357 2919 395 2976 K.
408 2908 484 2977 123.

442 3017 517 3082 ἀλλ’
540 3016 596 3096 έμέ
618 3020 648 3083 τ’
672 3016 806 3099 είσορίων
826 3020 878 3084 καί
902 3019 977 3096 έμήν
1001 3019 1222 3100 ποτιδέχμενος
1248 3020 1351 3100 ὁρμήν.

306 3123 363 3189 nbi
392 3142 494 3208 neque
524 3123 638 3189 εἰσιδών
668 3145 770 3209 neque
802 3124 1045 3206 προσδεξάμενος
1075 3126 1172 3192 hebet
1201 3125 1319 3191 locum.
1374 3122 1496 3191 Eodem

306 3227 402 3294 modo
425 3228 635 3310 ὐποδέχμενος
652 3231 823 3314 praesentis
845 3234 998 3318 temporis
1023 3235 1127 3298 estin
1150 3231 1261 3318 Odyss.
1288 3240 1329 3297 N.
1355 3227 1432 3296 310.

1054 3340 1143 3405 csse
1168 3347 1265 3420 σιωπή

442 3440 580 3522 ποίσχειν
604 3441 712 3519 ἄλγεα
736 3441 842 3508 πολλοὶ
862 3443 938 3522 βίας
964 3443 1171 3526 ὑποδέχμενος
1196 3445 1318 3524 ἀνδρῶν.

307 3553 340 3615 et
362 3558 402 3613 Π.
428 3546 503 3614 189.
551 3546 708 3613 Omnibus
738 3548 790 3614 his
820 3549 913 3627 iocis,
948 3555 981 3614 et
1010 3549 1089 3616 alibi
1116 3554 1254 3637 passim,
1279 3552 1313 3615 in
1336 3549 1428 3615 libris
1451 3553 1500 3614 est

307 3654 472 3738 δέγμενος,
504 3652 741 3732 ποτιδέγμενος,
774 3654 978 3734 ὑποδέγμενος
1009 3656 1048 3722 cb
1080 3655 1234 3735 έδέγμήν,
1266 3662 1305 3721 ut
1335 3657 1370 3720 in
1392 3656 1498 3722 verbis

307 3757 592 3848 CyclopisOdyse.
618 3769 643 3826 1.
672 3758 749 3826 513.

465 3869 542 3933 ἀλλ’
568 3870 629 3935 αίεί
651 3892 721 3936 τινα
744 3871 837 3951 φῶτα
860 3869 965 3949 μέγαν
990 3869 1043 3935 καί
1067 3869 1163 3936 καλὸν
1188 3869 1323 3948 έδέγμήν

466 3973 562 4040 ἐνθάδ’
586 3975 774 4042 έλεύσεσίαι.

306 4079 340 4144 id
364 4081 412 4144 est
442 4079 665 4160 προσεδόκησα,
699 4087 732 4147 et
763 4081 835 4146 eliis
858 4081 946 4147 locis.
994 4081 1143 4148 Indicabo
1166 4103 1251 4148 nunc
1273 4082 1393 4148 formae
1418 4083 1497 4146 cnti-

306 4204 387 4271 quee
410 4185 560 4271 reliquias
590 4188 741 4273 quasdem
766 4193 798 4254 et
822 4190 970 4276 vestigia.
1017 4187 1200 4276 Hesychius
1231 4190 1371 4254 servavit
1395 4187 1495 4267 Δέχ-

189 4321 192 4330 ·
306 4309 441 4369 μενεετ
467 4292 728 4380 προσδεχόμενος,
750 4295 803 4360 sed
823 4295 911 4360 idem
927 4301 998 4381 post
1013 4313 1131 4382 peuce:
1158 4295 1387 4373 Δέρμενοςτ
1409 4315 1497 4375 προσ·

306 4394 491 4478 δεκίμενοι,
531 4401 723 4481 προσμένων,
762 4401 890 4468 exhibet
929 4402 1152 4488 duplicemque
1191 4401 1271 4466 clim
1306 4401 1496 4488 scripturum
