3342 5080
873 327 938 398 544

305 525 386 590 οὐδὲν
409 524 555 590 άντεῖπον
579 527 611 588 et
633 522 726 602 λόγον
751 517 944 599 ἐποιησάμην
967 518 1086 587 οὐδένα.
1133 516 1205 585 Hoc
1227 520 1315 585 enim
1337 521 1402 607 ipsi
1422 519 1501 586 obii·

305 633 389 696 citur
421 652 504 710 „cur
536 630 654 693 όονιιόοια
684 650 773 714 quum
803 628 874 692 iaec
901 633 1060 710 ωροναιόιοτ
1082 623 1269 692 'ricmiri'
1291 631 1323 692 et
1346 628 1393 692 sic
1416 631 1502 713 post·

305 756 403 820 quam
436 735 556 802 silentii
587 737 638 800 sui
667 737 804 800 rationes
835 733 973 799 reddidit
1004 735 1051 800 its
1080 733 1163 799 dixit
1192 752 1266 821 pag.
1290 730 1365 798 684.
1391 731 1426 798 8.
1449 733 1503 798 διά

304 843 398 907 ταῦτ’
424 840 473 908 ἐπ’
499 839 620 912 ἐκείνοις
645 839 841 906 citissimis
865 839 1035 919 νῦνλὲηω.

350 948 432 1036 Peg.
467 945 544 1012 684.
580 947 633 1012 10.
666 945 712 1017 ἔτι
742 947 841 1013 τοίνυν
872 968 919 1019 τις
944 949 1049 1022 αὐτοῖς
1073 951 1204 1021 τοιοῦτος
1228 945 1321 1025 λόγος
1339 981 1382 992 -
1399 946 1438 1020 ὡς
1458 983 1500 995 -

305 1053 375 1126 ίσως
408 1053 534 1119 ἐναντία
567 1049 718 1135 ἔπραττον
749 1063 789 1136 τῇ
819 1051 908 1118 πόλει
939 1050 1000 1119 τίό
1024 1051 1068 1119 ὅτ’
1092 1049 1169 1128 ἦσαν
1193 1053 1311 1138 ἕχόροί,
1336 1055 1386 1118 νῦν
1410 1049 1443 1116 δέ
1466 1055 1501 1130 ’γ’

305 1161 362 1226 sici
395 1161 494 1244 φίλοι.
515 1197 558 1209 -
576 1162 609 1226 οὐ
641 1160 677 1232 tt
702 1167 772 1224 neI
797 1168 1007 1238 μνησικακεῖν.
1056 1161 1132 1226 Fert
1155 1157 1348 1226 Graecorum
1372 1179 1500 1226 consue

305 1268 383 1334 tudo
414 1271 452 1333 ut
482 1269 517 1331 in
546 1265 732 1332 huiusmodi
763 1268 990 1352 compositione
1019 1264 1198 1334 infinitivus
1227 1267 1380 1352 ponetur:
1404 1266 1439 1330 οὐ
1463 1266 1498 1341 δίη

307 1381 413 1438 ΔΘΙΝ
435 1383 646 1451 μνησικακεῖν.

353 1476 511 1546 Similiter
533 1501 607 1569 pag.
635 1477 710 1544 108.
736 1477 768 1544 2.
793 1478 848 1556 ἤδη
871 1478 970 1544 τοίνυν
993 1480 1072 1551 τινός
1096 1481 1211 1555 ἥκουσα
1235 1477 1287 1542 καί
1310 1477 1446 1543 τοιοῦτόν
1468 1503 1499 1544 τι

307 1584 451 1664 λίγονσος
471 1588 509 1658 ὥς
534 1583 595 1665 άρα
618 1587 679 1664 ἐγὼ
704 1583 787 1662 λέγω
811 1585 868 1662 μὲν
892 1585 940 1650 cisi
966 1585 1009 1651 τά
1032 1585 1190 1664 siresa,
1209 1583 1253 1653 ἔτι
1274 1584 1300 1648 δ’
1321 1583 1404 1649 οὐδὲν
1424 1586 1500 1650 άλλ*

309 1691 326 1770 ἢ
359 1693 445 1771 λόγοι
477 1693 520 1758 τά
553 1694 625 1774 παρ’
657 1693 747 1772 ἐμοῦ,
782 1700 853 1756 Aet
886 1692 914 1758 δ’
946 1689 1040 1774 ἔργων
1070 1702 1109 1776 τῇ
1137 1689 1241 1769 πόλει,
1264 1690 1500 1758 emendandum

311 1807 427 1865 AeiN.

353 2010 433 2099 Peg.
470 2009 546 2075 684.
584 2009 637 2077 15.
670 2009 737 2076 οὐδὲ
770 2011 833 2092 γάρ
863 2010 1126 2089 Λακεδαιμονίους
1157 2005 1202 2074 ὅτ’
1235 2007 1385 2090 ἒσοίζομεν
1420 2009 1501 2099 [οὐκ]

310 2116 602 2196 άνεμιμνησκόμεόοι
632 2115 661 2182 si
690 2142 720 2182 τι
753 2123 854 2190 κακῶς
886 2117 1031 2193 ἐποίησαν
1067 2117 1161 2194 ἦμοῖς.
1208 2114 1299 2181 Tolle
1329 2116 1501 2183 molestum

312 2226 534 2312 negationem,
561 2245 641 2310 quse
663 2223 725 2290 loci
749 2226 1010 2310 compositionem
1034 2229 1140 2308 aperte
1159 2223 1265 2288 vitiet.
1310 2221 1502 2290 Rectissime

311 2333 397 2396 enim
427 2331 545 2396 dicitur
566 2335 604 2395 ut
624 2327 699 2418 pag.
726 2329 803 2396 661.
829 2330 860 2395 2.
885 2334 918 2396 οὐ
941 2330 1037 2395 τοίνυν
1061 2327 1162 2407 ἔγωγε
1189 2328 1286 2393 οΤΔ’
1310 2331 1404 2395 ἐκεῖνο
1428 2331 1501 2396 ἰδεῖν

310 2436 461 2515 δύναμαι,
496 2437 550 2502 sed
583 2437 640 2502 nbi
672 2436 738 2501 οὐδὲ
769 2436 929 2523 praecedit
961 2437 1060 2502 altere
1089 2438 1218 2523 negotio
1250 2437 1283 2501 οὐ
1309 2434 1417 2502 locum
1440 2457 1501 2502 non

311 2545 405 2610 hebet
429 2543 661 2629 dicendumque
684 2551 749 2609 est:
775 2544 835 2608 οὐδ’
859 2544 952 2608 ἐκεῖνο
976 2545 1072 2607 τοίνυν
1097 2539 1200 2620 ἔγωγε
1225 2541 1298 2607 ἰδεῖν
1318 2540 1466 2620 δύναμαι.

355 2752 435 2841 Peg.
470 2749 546 2818 685.
582 2751 635 2818 14.
667 2754 692 2818 εί
724 2752 795 2831 μετ’
817 2752 965 2828 άληόείοις
988 2753 1097 2825 άπλῶς
1121 2747 1154 2826 ἦν
1179 2756 1251 2829 ημῖν
1273 2751 1366 2835 φίλος
1390 2753 1443 2817 καί
1468 2753 1502 2826 νίν

311 2858 374 2923 Δία
407 2857 532 2924 πάνΤΑ
565 2860 706 2938 repeti
731 2860 866 2939 ἤμελλεν
893 2864 977 2941 ἡμᾶς
1001 2863 1148 2936 ποιήσειν.
1198 2859 1387 2949 Legendum
1410 2858 1503 2925 πάντ’

310 2963 439 3049 epate,
462 2972 501 3029 ut
526 2969 607 3032 rstio
632 2965 782 3052 postulet.
818 2968 891 3034 Non
915 2967 1094 3054 infrequens
1116 2967 1176 3034 hoc
1194 2967 1303 3034 mendi
1321 2987 1425 3054 genus
1446 2971 1503 3032 est.

356 3068 444 3135 Idem
467 3070 625 3156 placuisse
645 3073 738 3140 video
757 3071 899 3142 Dobreso
909 3123 917 3156 ‚
941 3077 997 3161 qui
1015 3074 1129 3140 multis
1148 3073 1309 3140 similibus
1324 3071 1404 3138 locis
1423 3073 1503 3140 hcnc

312 3178 537 3243 correctionem
563 3177 773 3246 confirmavit.
1401 3177 1404 3182 ’

355 3386 485 3476 Insigne
508 3388 671 3477 flagitium
694 3391 865 3457 sciolorum
889 3411 963 3480 pag.
989 3389 1065 3460 687.
1094 3389 1145 3458 17.
1167 3390 1344 3457 maculavit
1361 3388 1502 3455 luculen-

310 3501 382 3561 tum
412 3494 538 3579 locum,
571 3499 605 3560 in
634 3517 695 3582 quo
718 3497 891 3564 vehemens
910 3503 1014 3563 orator
1037 3497 1181 3583 ἥςριιπό,
1206 3496 1338 3578 ἐβρόντα
1361 3498 1397 3561 in
1419 3496 1502 3561 hunc

313 3602 446 3668 modum
480 3602 696 3686 (emendatum
730 3605 817 3668 enim
840 3603 947 3669 locum
971 3604 1178 3690 describsm):
1203 3607 1236 3670 οό
1260 3604 1349 3683 μόνον
1372 3603 1398 3668 δ’
1422 3601 1502 3678 αὕτη

309 3715 363 3782 τῆς
396 3707 514 3781 πόλεως
548 3711 564 3784 ἡ
598 3709 693 3789 δωρεά
726 3709 996 3789 προπεπηλάκιςοιι
1031 3711 1082 3777 καὶ
1106 3712 1219 3792 φαιίλη
1243 3710 1391 3790 γέγονεν,
1416 3707 1502 3774 άλλόι

311 3813 363 3879 καί
385 3817 487 3878 πάσαι
513 3813 563 3878 dcci
586 3816 640 3890 την
663 3821 720 3880 τοῖν
743 3816 926 3898 καταράτων
951 3816 1003 3882 καὶ
1028 3820 1104 3890 όεοῖς
1129 3819 1243 3899 ἕχόρῶν
1265 3815 1394 3898 ῥητόρων
1416 3837 1503 3890 πονη-

311 3923 394 4002 ρίαν,
419 3914 445 3983 ci
469 3919 624 3994 τοσαύτην
650 3920 819 4002 ὑπερβολὴν
844 3923 1027 3998 πεποίηνται
1051 3931 1106 3999 τῆς
1131 3925 1231 3988 αὐτῶν
1255 3919 1501 4002 αίσχροκερδείας

311 4025 367 4095 cies
391 4025 450 4098 τάς
474 4026 570 4104 τιμάς
595 4027 647 4092 καί
672 4027 731 4100 τάς
756 4030 829 4109 παρ’
854 4030 937 4106 ὑμῶν
961 4029 1072 4112 δωρεάς
1098 4025 1199 4110 ὥσπερ
1222 4029 1248 4094 oi
1273 4029 1316 4092 τά
1336 4027 1432 4108 μικρά
1452 4025 1501 4094 καί

311 4131 419 4216 κομιδηῖ
451 4137 567 4215 φαῦλα
597 4133 859 4215 ἀποκηρύττοντες
892 4133 967 4202 οὕτω
1000 4141 1152 4202 πωλοῦσιν
1188 4135 1418 4217 ἐπευωνίζοντες
1451 4133 1500 4200 καί

313 4248 438 4314 πολλοῖς
462 4239 525 4304 άπὸ
549 4244 607 4304 τῶν
632 4243 732 4306 αὐτῶν
756 4240 933 4322 λημμάτων
956 4241 1131 4325 γράφοντες
1158 4237 1177 4307 ό
1197 4267 1227 4308 τι
1252 4242 1290 4308 ἂν
1319 4242 1502 4321 βούλωνται.

313 4345 395 4410 Sein’
419 4347 496 4431 quid
520 4347 555 4411 in
577 4346 669 4413 libris
692 4346 840 4436 legetur?
886 4349 1009 4437 Nempe
1032 4349 1110 4416 hoe:
1134 4351 1185 4415 διά
1210 4351 1266 4425 την
1289 4357 1348 4415 τῶν
1368 4345 1503 4429 καταρά-

313 4477 372 4518 των
397 4452 449 4517 nat
474 4453 548 4524 όεοῖς
573 4453 685 4537 ἐχθρῶν
703 4452 830 4536 ῥητόρων
851 4459 922 4540 [τῶν
943 4458 985 4521 τά
1005 4461 1136 4522 τοιαῦτα
1157 4454 1341 4540 γραφόντων
1361 4453 1500 4543 ἑτοίμως]
