3356 5084
894 372 960 442 498

332 566 414 646 μεθοι
437 566 493 641 τὴν
516 562 642 646 sarran
667 563 738 645 Quo
759 565 868 632 minus
891 561 1017 630 dubites
1042 559 1204 628 considera
1225 555 1349 625 τούτων.
1391 557 1430 626 ln
1444 555 1524 662 ‘loco

332 674 472 761 genuino
502 677 607 737 τοῦτο
639 676 713 738 sunt
744 671 917 757 benefacto,
942 674 1070 755 propter
1093 687 1174 754 quae
1196 666 1270 732 data
1292 671 1340 732 cst
1361 687 1381 732 a
1402 661 1526 752 populo

334 781 352 855 ἦ
376 777 516 844 ύτίλειω.
563 777 601 844 In
623 775 693 844 loco
716 779 824 864 spurio
847 780 952 842 τούτω
975 774 1110 842 refertur
1133 774 1173 840 ad
1192 777 1334 838 τοσούτω
1351 769 1427 837 ύσων
1447 770 1527 844 οἰκον·

334 883 428 950 κίοιτε
452 888 576 970 praeter
598 881 740 949 Oratoris
762 884 961 949 sententiam.

379 1093 459 1180 Pag.
492 1091 566 1160 478.
600 1089 654 1158 27.
687 1090 818 1171 roem
841 1092 939 1156 τοίννν
963 1091 1072 1161 ἐκεῖνος
1099 1087 1352 1175 (Themistocles)
1376 1086 1527 1170 τειχίζειν

334 1183 431 1265 riardo
454 1207 517 1270 τοῖς
548 1199 693 1272 πολίταις
718 1195 775 1264 νθιν
797 1198 971 1279 ἀφικνῆταί
993 1218 1039 1268 τις
1064 1195 1098 1260 εἰο
1121 1192 1353 1272 Λοιιιεδοοίμονοο
1376 1191 1528 1276 κωτίχειν

336 1305 532 1389 [κελεύσωο],
565 1304 704 1387 οίχεσθοιι
736 1302 913 1386 πρεσβεύων
944 1303 1039 1374 ωὐτὸς
1068 1305 1106 1372 ὡς
1143 1300 1212 1374 τοὺς
1251 1299 1527 1379 Λακεδαιμονίους.

336 1409 374 1475 In
397 1411 448 1477 his
471 1409 617 1492 τειχίζειν
638 1412 728 1476 είιιιθν
747 1416 795 1476 est
813 1408 960 1491 τειχίζειν
979 1408 1149 1485 κελεύοιτο,
1170 1407 1254 1473 unde
1274 1405 1311 1472 fit
1329 1411 1367 1472 ut
1386 1407 1526 1474 altorum

335 1516 487 1592 κελεύσως
510 1520 578 1583 sine
601 1538 692 1583 mora
712 1519 756 1582 sit
777 1514 1002 1582 inducendum.

381 1623 503 1689 Iterum
533 1644 596 1690 non
626 1623 853 1690 intellexerunt
884 1621 1031 1703 τειχίζειν
1062 1621 1152 1685 είτθιν
1186 1621 1238 1684 eal
1274 1620 1422 1701 κατέχειν
1458 1642 1528 1688 csse

336 1732 520 1809 coniuncta,
563 1734 597 1796 et
637 1728 816 1796 luculenter
860 1733 990 1814 apparet
1024 1747 1120 1813 quam
1154 1726 1269 1793 leviter
1303 1727 1436 1792 κελεύων
1469 1732 1527 1794 aut

336 1834 487 1910 κελεύσας
511 1843 568 1903 aut
590 1836 696 1903 simile
720 1836 798 1921 quid
821 1835 972 1903 adiiciant
995 1833 1086 1900 soioli
1110 1833 1149 1899 de
1171 1853 1240 1898 suo.

381 2042 460 2131 Peg.
484 2043 560 2112 480.
583 2044 637 2112 12.
659 2046 861 2131 perineptum
881 2048 913 2109 et
933 2041 1107 2108 absurdum
1127 2040 1287 2107 emblema
1303 2039 1525 2108 adhuclatuit.

240 2203 242 2207 .
337 2147 487 2214 Primum
517 2151 625 2218 iocum
657 2151 863 2216 emendatum
894 2169 1087 2235 proponam,
1124 2146 1237 2213 deinde
1270 2145 1527 2214 additamentum

338 2255 513 2322 ostendam.
559 2256 734 2343 Postquam
757 2276 808 2322 res
831 2276 849 2322 a
872 2251 1010 2334 Chabria
1032 2251 1190 2344 praeclare
1209 2257 1315 2340 gestas
1334 2273 1526 2321 commemo

337 2363 422 2427 ravit
452 2365 559 2450 pergit
588 2366 635 2428 ita
661 2363 780 2428 dicere:
807 2359 1144 2426 retrodescendere
1169 2360 1251 2437 ὑμῶν
1273 2359 1350 2430 τινὲς
1373 2359 1525 2442 μοίρτνρέο

338 2466 397 2531 είσί
427 2490 489 2546 μοι.
535 2466 662 2558 Viginti
694 2472 726 2534 et
756 2467 896 2554 amphus
927 2469 1002 2534 enni
1023 2468 1250 2552 praeterierant
1271 2464 1356 2542 μετὰ
1379 2465 1435 2540 τίον
1458 2468 1525 2549 περὶ

337 2571 442 2648 Νύξον
473 2575 657 2656 νωνμωχίον
685 2595 784 2661 quum
808 2574 942 2640 haecin
965 2573 1084 2639 iudicio
1109 2571 1296 2637 dicerentur.
1343 2569 1427 2638 Srin’
1451 2573 1527 2660 quid

337 2679 371 2742 in
401 2678 493 2745 libris
523 2677 587 2746 sit?
616 2700 732 2766 nempe
764 2681 846 2758 ὑμῶν
875 2681 953 2753 τινὲς
978 2681 1018 2763 [οἱ
1042 2677 1267 2764 πρεσβύτατοι]
1292 2677 1445 2760 μύρτυρθο
1467 2679 1528 2745 είσί

337 2806 400 2860 μοι.
447 2782 686 2876 Comparandus
717 2791 765 2854 est
794 2785 884 2852 locus
914 2806 986 2874 pag.
1023 2783 1099 2852 540.
1133 2783 1184 2850 13.
1209 2783 1261 2850 κού
1287 2784 1379 2850 τοῦτ’
1402 2785 1447 2854 iel
1471 2786 1527 2863 μὲν

339 2890 481 2977 τολοιιύ,
505 2889 586 2970 θμωο
609 2891 642 2958 δέ
665 2914 752 2966 τινος
776 2893 859 2970 ὑμῶν
880 2891 1078 2971 μνημονεύειν
1102 2887 1198 2970 οἶμαι.

382 3100 462 3189 Peg.
487 3100 565 3169 481.
589 3101 644 3170 28.
668 3103 721 3168 κού
745 3105 806 3181 μὲν
830 3102 882 3168 eal
907 3102 979 3167 νοντ’
1004 3103 1098 3168 ἐκεῖνο
1122 3098 1224 3177 οίνοίξί
1247 3098 1286 3164 ἂν
1310 3098 1354 3178 rin
1374 3103 1527 3175 τετονθίιο

338 3206 353 3270 1
382 3215 458 3280 τοῖς
486 3207 525 3296 [εί
548 3215 602 3283 τῆς
628 3209 737 3290 δωρεᾶς
763 3207 975 3294 ύφοιιρεθείν]
1001 3208 1067 3272 κωθ
1091 3199 1105 3270 θ
1125 3245 1166 3255 -
1187 3204 1302 3278 οὐδενὸς
1326 3207 1441 3274 σύνισθ’
1466 3210 1527 3282 uite

338 3313 467 3392 ίρφωνθς
499 3314 538 3379 δι’
564 3314 673 3380 ἐκεῖνον
695 3312 895 3400 (Chabriam)
918 3313 1051 3393 ἐγένετο.
1097 3312 1230 3400 Expellc
1252 3311 1417 3380 inficetum
1441 3314 1529 3380 oddi-

339 3421 530 3486 tamentum.
576 3417 641 3488 Suo
672 3439 705 3484 so
728 3420 846 3486 indicio
869 3419 985 3486 sciolus
1007 3419 1164 3506 prodidit,
1189 3420 1245 3504 qui
1266 3421 1450 3507 genitivum
1473 3427 1529 3496 τῆς

340 3523 450 3605 δωρεᾶς
482 3524 664 3612 aequalium
693 3546 782 3592 more
813 3525 930 3592 dixerit
962 3546 1062 3614 quum
1091 3529 1215 3592 veteres
1239 3529 1417 3592 constanter
1440 3548 1531 3594 accu-

342 3634 445 3699 sativo
467 3634 502 3696 in
524 3651 561 3697 ea
585 3653 620 3698 re
643 3637 787 3698 utantur.

386 3840 467 3930 Peg.
499 3839 576 3908 482.
609 3839 640 3906 3.
673 3839 748 3907 ούτω
780 3840 844 3922 γὰρ
874 3843 913 3916 cic
943 3840 1063 3914 ύλοθῶο
1085 3839 1193 3920 ἔμοιγε
1214 3841 1363 3923 Φοιίνετιοι
1387 3841 1531 3920 βεβαίως

342 3957 435 4014 11Ωο
466 3949 576 4022 ἐκεῖνος
603 3946 770 4029 Φιλίτολιο
801 3947 866 4012 κτὲ.
913 3946 1134 4035 Expungcnda
1164 3953 1212 4014 est
1246 3947 1382 4014 molesta
1415 3949 1532 4016 vocula

342 4077 405 4126 τωο
436 4053 470 4119 id
500 4059 548 4120 est
573 4053 680 4135 τρίτον
702 4052 787 4127 moal,
812 4074 892 4139 qnae
915 4057 963 4119 est
986 4055 1186 4119 extenuantis
1209 4059 1241 4120 et
1265 4056 1334 4121 vim
1357 4053 1530 4132 elevantis,

340 4160 402 4246 quo
423 4160 507 4226 nihil
529 4165 577 4226 est
599 4181 619 4226 a
640 4158 863 4226 Demosthenis
886 4164 993 4225 monte
1016 4163 1049 4225 et
1071 4162 1228 4226 sententia
1249 4159 1396 4227 alienius.

386 4367 467 4455 Peg.
498 4367 575 4433 485.
606 4367 633 4433 2.
670 4332 886 4450 ψηφισμοίτων
916 4369 941 4434 δ’
972 4368 1032 4436 οὐδ’
1060 4369 1155 4435 ύτιοῦν
1180 4369 1371 4456 διαφέρουσιν
1394 4371 1420 4435 οἱ
1445 4371 1527 4448 νίμοι

338 4473 428 4540 ἑλλοὶ
456 4473 638 4555 νεύτεροι
662 4475 688 4540 ol
712 4474 794 4552 νθμοι
822 4474 891 4540 καθ’
915 4472 964 4549 ούο
988 4475 1031 4542 τύ
1054 4476 1254 4562 ψηφίσματα
1278 4475 1326 4542 δεῖ
1347 4473 1526 4562 γρύφεσθοιι
