3308 5090
887 361 951 432 148

695 555 887 634 ἈρτοΠᾶποο
911 593 952 604 -
977 552 1159 638 ἄρτοΚόποο.

378 763 503 828 Passim
531 760 607 848 libri
636 765 669 827 et
699 761 781 847 apud
806 761 977 827 libanium
1001 768 1033 828 et
1055 760 1141 847 apud
1163 759 1365 828 Herodotum
1389 769 1422 829 et
1444 762 1529 828 alios
1637 788 1638 838 ι

331 871 415 934 inter
437 869 495 932 has
517 867 596 932 duas
619 868 736 933 formas
759 867 933 942 fluctuant,
957 874 996 932 ut
1016 873 1090 932 utra
1111 870 1154 932 sit
1175 869 1280 953 potior
1302 888 1365 933 non
1388 889 1427 933 ex
1451 889 1528 933 ane
1637 943 1638 970 ¹

331 976 459 1040 toritata
489 976 621 1040 testium
647 975 702 1040 sed
732 996 771 1039 ex
792 970 906 1040 Graeci
931 976 1083 1039 sermonis
1107 975 1228 1038 ratione
1251 979 1284 1038 et
1304 995 1364 1039 usu
1390 977 1433 1039 sit
1452 995 1528 1040 eon·

329 1078 538 1145 atituaudum.
583 1078 675 1144 Tam.
710 1079 735 1144 Ι.
768 1077 845 1144 219.
877 1077 907 1144 8.
942 1080 1086 1160 desumit
1115 1078 1200 1150 πινᾶο
1225 1078 1417 1158 ἄρτοπέπουε
1454 1079 1527 1164 (alii

251 1265 256 1272 Ι
331 1183 521 1271 ἄρτοποιοὺο)
554 1184 749 1264 εἰσπράττειν
780 1185 912 1265 χρυσίον.
946 1185 987 1251 Π.
1021 1184 1096 1250 333.
1129 1183 1184 1249 24.
1214 1185 1285 1257 τοὺς
1312 1185 1525 1264 ἄρτοπέπονο.

331 1289 387 1356 alii
414 1290 600 1371 ἄρποποιοᾶο.
635 1290 711 1356 335.
737 1289 767 1355 4.
792 1297 850 1356 τῶν
874 1291 1063 1370 ἄρποπέπων.
1099 1289 1216 1356 Multis
1239 1289 1313 1356 aliis
1334 1291 1412 1356 loeis
1436 1292 1528 1370 ἄρτο-

331 1395 418 1461 κᾶτοι
450 1396 668 1483 appellantur,
705 1397 758 1462 aad
794 1399 870 1482 quia
899 1398 951 1462 τὸν
982 1396 1072 1478 ἄρτον
1104 1396 1228 1461 κόπτειν
1258 1397 1341 1462 nihil
1368 1403 1435 1480 est,
1469 1395 1527 1462 aad

330 1507 508 1569 sonatanter
539 1523 649 1570 omnes
674 1523 784 1586 ροοιτιιι
814 1525 953 1590 coquere,
986 1502 1038 1568 τὸν
1070 1501 1160 1582 ἄρτον
1196 1500 1339 1577 πέττειν,
1376 1501 1527 1568 dicebant
1639 1549 1640 1578 ρ

329 1607 405 1674 hine
433 1613 509 1673 nata
538 1614 587 1674 est
617 1607 720 1674 forma
749 1607 939 1687 ἄρτοπέποτ,
965 1629 984 1673 a
1006 1613 1133 1674 vetusto
1158 1617 1281 1673 ΠΕΠΩ
1304 1608 1389 1674 unde
1413 1605 1525 1686 πέψω,
1639 1613 1640 1616 ’

331 1712 454 1793 έπεψοο,
490 1712 578 1796 ἄρτος
613 1707 648 1778 εὖ
684 1715 882 1792 πεπεμμένοο
914 1714 1109 1798 formantur,
1145 1718 1177 1780 et
1208 1714 1362 1793 πόποονον,
1395 1717 1434 1778 ut
1465 1711 1525 1790 ξέιο

330 1817 452 1898 ξέοονον,
472 1819 578 1904 Ἔργον
601 1817 726 1901 ὄργανον
750 1825 782 1885 at
805 1819 924 1886 similia
946 1820 1033 1886 haud
1055 1840 1166 1907 pauca.

589 2076 711 2125 amaru]
733 2073 840 2124 1110Ἠο
862 2075 897 2124 m
918 2073 1099 2125 romanum
1122 2075 1261 2126 urloas.

376 2243 530 2308 libanius
559 2260 757 2327 quamquam
787 2242 820 2304 in
851 2238 1004 2306 Veterum
1033 2239 1169 2308 lectione
1201 2240 1346 2308 assiduus
1379 2247 1413 2306 et
1447 2263 1523 2308 eum
1641 2255 1642 2262 ’

330 2347 559 2434 discipulorum
589 2346 783 2430 solpeeismis
812 2349 926 2412 aeriter
956 2345 1079 2412 bellum
1112 2367 1225 2436 gerens
1256 2351 1365 2413 tamen
1394 2350 1463 2433 ipse
1490 2351 1524 2413 in

330 2453 445 2522 multis
467 2455 615 2539 antiquae
638 2452 769 2540 linguae
789 2453 915 2518 Atticae
935 2455 1149 2520 sinceritatem
1167 2455 1353 2539 imprudens
1371 2457 1523 2539 eorrupit.

330 2558 516 2627 Cavendum
545 2559 676 2644 quidem
706 2579 825 2646 magno
857 2577 949 2644 opere
977 2565 1025 2624 est
1057 2581 1096 2626 ne
1119 2562 1297 2627 scribarum
1320 2581 1439 2626 errores
1461 2562 1525 2645 ipsi

329 2670 545 2753 imputentur,
578 2664 633 2730 sed
662 2664 827 2749 complura
858 2666 1060 2750 reperiuntur
1093 2666 1132 2731 ab
1163 2669 1232 2751 ipso
1259 2665 1461 2754 negligenter
1490 2671 1525 2731 et

329 2775 444 2839 vitiose
475 2772 575 2845 dieta,
609 2791 744 2856 quorum
776 2775 899 2855 partem
932 2770 1074 2856 aliquam
1097 2793 1181 2836 nune
1204 2771 1405 2860 redarguam.
1442 2769 1525 2837 Gon·

330 2877 437 2944 fundit
461 2878 532 2954 παρ’
557 2875 671 2957 ἡμέραν
695 2882 728 2942 et
751 2877 820 2940 καθ’
844 2875 960 2956 ἡμέριον
986 2879 1075 2962 quasi
1101 2877 1182 2942 nihil
1204 2881 1384 2944 interesset:
1408 2898 1525 2963 nempe

331 2985 401 3050 ποθ’
425 2982 541 3061 ἡμέριον
564 2986 612 3047 ast
633 2981 781 3068 quotidie,
802 2987 840 3046 ut
860 2983 932 3045 κοτ’
951 2980 1015 3055 ἔτος
1026 3031 1034 3060 ,
1056 2986 1128 3049 κοτ’
1148 2983 1302 3068 ε’νιοοντόν,
1322 3008 1405 3049 ιοοοτοο
1419 2993 1524 3068 μὴνοι,

329 3095 362 3158 et
394 3089 560 3168 δτνιμέροοι,
586 3087 691 3162 detra,
716 3083 776 3152 leet
800 3095 916 3164 μὴνεςζ
940 3089 1058 3169 aaran.
1095 3086 1212 3156 Contra
1236 3089 1311 3171 παρ’
1337 3089 1452 3170 ἡμέριον
1476 3095 1526 3156 ast

328 3219 388 3260 νινο
418 3195 469 3260 die
499 3193 689 3277 interposito,
723 3194 850 3258 altenis
880 3195 1006 3271 dietae,
1034 3196 1121 3260 tertio
1151 3219 1264 3283 quoque
1293 3197 1359 3275 die,
1389 3202 1427 3261 ut
1450 3200 1525 3275 ποορ·

328 3300 465 3368 ένιοουτὸν
495 3307 662 3380 ςροοτὴγεῒν
691 3305 724 3364 et
757 3301 831 3378 παρ’
863 3299 978 3379 ἡμέριον
1010 3301 1167 3382 πυρέττειν
1199 3301 1238 3368 de
1267 3303 1348 3368 febri
1377 3305 1523 3368 tertiana.

326 3407 425 3474 Recte
456 3407 538 3472 dixit
568 3405 721 3471 hibaniua
751 3403 778 3470 Ι.
806 3401 860 3470 82.
887 3405 917 3471 4.
943 3406 982 3472 de
1004 3406 1142 3474 Iuliano:
1168 3409 1182 3474 ὁ
1204 3409 1356 3487 βασιλεὺς
1383 3445 1424 3457 -
1450 3407 1522 3473 καθ’

329 3513 442 3589 έκᾶτιρν
465 3513 596 3579 ἐποιεῖτο
620 3511 674 3585 τὴν
700 3511 814 3591 ἡμέριον
839 3512 945 3583 turias
966 3513 1024 3577 ὑπὸ
1047 3521 1110 3586 τοῖς
1134 3514 1165 3577 έν
1188 3515 1230 3595 τῷ
1251 3514 1336 3595 κὴπιρ
1356 3517 1410 3580 τοῦ
1428 3513 1524 3594 βασι-

304 3619 410 3686 ‚aelon
433 3617 573 3698 δένδροις.
600 3621 633 3682 et
653 3617 692 3682 da
716 3616 827 3682 eadem
850 3638 885 3682 rs
907 3617 932 3684 I.
959 3616 1034 3683 564.
1058 3617 1111 3683 12.
1132 3620 1166 3684 οὐ
1186 3619 1285 3703 ῥᾴδιον
1304 3619 1437 3697 βασιλεῖ
1453 3621 1523 3684 καθ’

328 3725 441 3800 istisne
474 3724 590 3805 ἡμέριον
622 3720 678 3798 ἔξω
710 3723 880 3800 βασιλείων
910 3724 964 3804 ἐφ’
996 3724 1061 3804 Ιερᾶ
1092 3723 1248 3804 βαδίζειν.
1273 3725 1328 3791 sed
1350 3728 1466 3792 vitiose
1488 3730 1523 3791 in

327 3832 439 3900 eodem
471 3833 661 3919 argumento
696 3831 822 3914 scripsit
845 3828 869 3893 I.
899 3827 975 3906 394,
1002 3828 1054 3895 19.
1077 3830 1142 3894 ἐπεὶ
1167 3831 1212 3908 μὴ
1231 3831 1352 3912 τρέχειν
1375 3831 1416 3903 εἷς
1446 3832 1523 3910 ἱερὸν

327 3940 423 4006 ΠΛΡ’
452 3938 568 4018 ἡμέριον
600 3933 713 4009 ένετιν,
747 3935 822 4012 ἱερὸν
845 3943 977 4000 ποιεῖτοοι
1004 3935 1081 4024 (leg.
1108 3936 1199 4021 ποιεῖ)
1224 3935 1266 4001 rol
1290 3937 1442 4015 βοοέλειοο
1467 3937 1521 4002 sal

324 4045 375 4111 τὸν
408 4051 514 4117 κῆπον.
550 4041 725 4106 Fluctuant
754 4037 829 4104 libri
853 4039 878 4104 Ι.
905 4039 982 4107 337.
1009 4038 1061 4106 12.
1085 4044 1119 4105 in
1143 4041 1215 4107 aliis
1238 4047 1286 4108 est
1308 4043 1381 4123 ποορ
1406 4041 1522 4122 ἡμέραν

324 4149 475 4228 οοᾶξετοοι,
509 4151 543 4213 in
576 4145 647 4212 aliis
677 4146 745 4210 καθ’
778 4145 902 4226 ἡμέραν.
947 4145 1010 4212 Sed
1040 4151 1108 4214 sine
1134 4151 1289 4215 varietate
1311 4148 1337 4213 Ι.
1363 4146 1428 4212 419
1467 4147 1519 4214 18.

322 4257 482 4339 χοιέροντες
514 4263 553 4335 τῇ
584 4257 665 4335 φορᾷ
691 4259 745 4326 τὴς
770 4257 897 4332 ψυχῆς,
922 4243 956 4326 ἡν
982 4255 1055 4332 παρ’
1080 4254 1194 4335 ἡμέριον
1219 4253 1365 4334 ένφέρειο.
1403 4249 1522 4319 Contra

322 4365 348 4431 I.
373 4361 451 4428 360.
477 4359 508 4425 2.
548 4357 632 4438 repul
657 4359 731 4438 παρ’
756 4358 871 4436 ἡμέριον
896 4358 998 4432 πᾶτὴς
1022 4357 1106 4432 tatae
1130 4359 1242 4441 ἰχθύων
1266 4359 1519 4441 ε’πειτέρχοντοοι,

322 4476 370 4537 est
393 4469 572 4552 discrepans
595 4463 691 4530 lectio
716 4465 784 4529 κοτέ·
809 4462 922 4538 indens
943 4465 1060 4544 ἡμέραν
1079 4465 1119 4531 ab
1139 4464 1246 4551 aliquo
1265 4479 1437 4534 conectere
1449 4486 1519 4551 pre
1587 4547 1591 4556 .
