3304 5090
890 319 955 394 188

373 514 452 606 Peg.
487 515 564 583 563.
595 513 681 592 οὗτος
713 516 739 581 δ’
762 514 824 584 isla
849 515 863 580 ὂ
887 514 1039 595 Προνσίοος
1063 515 1154 583 ίίοοιί
1178 515 1326 594 Ἀννίβαν
1350 509 1519 592 δεξάμενος

330 661 372 675 -
403 623 456 690 ιοοιί
484 633 540 700 τῆς
564 625 617 704 ἐφ’
641 621 860 704 Ἑλλησπόντῳ
884 623 1021 701 Φρυγίοις
1045 622 1206 694 ἈΝΑι-ίις
1231 623 1316 688 κοντοὶ
1340 619 1520 699 συμβάσεις

328 739 392 803 τοῖς
423 732 632 803 Ἀττοιλιιοοῖς.
680 729 822 795 Haerent
852 730 887 794 in
922 727 1042 800 οὶνιιςοίς
1079 734 1264 813 reponentes
1299 727 1453 796 ἅνοίςοισιν
1488 731 1523 791 et

329 837 394 904 alia
412 835 644 917 ἀπροσδιόνυσον.
690 835 769 902 Erat
787 841 895 900 tamen
916 833 1090 900 facillimus
1107 832 1196 899 loeus
1214 833 1255 899 ad
1274 831 1521 899 emendandum.

328 942 459 1009 Prusias
481 941 661 1032 Phrygiam
685 942 725 1007 ad
743 939 990 1026 Hellespontum
1008 939 1145 1005 liumeni
1165 960 1205 1006 ex
1223 938 1348 1006 foedere
1368 938 1520 1004 οοοιοοοεὶι.

329 1047 436 1136 Igitur
465 1069 578 1115 rerum
609 1055 657 1116 est
687 1056 743 1122 τῆς
775 1047 912 1128 Φρυγίοις
942 1046 1103 1118 ἈΠΟςίος
1137 1052 1202 1117 τοῖς
1236 1045 1450 1117 ’Λττοολιιοοῑς
1481 1043 1521 1108 es.

329 1153 445 1240 Polyb.
470 1153 571 1221 XXII.
599 1152 654 1221 27.

375 1361 503 1429 Somno
533 1384 607 1451 pag.
633 1361 709 1429 565.
733 1360 896 1441 γεγονότος
921 1359 1020 1437 ἑτέρον
1046 1359 1125 1435 τινὸς
1148 1367 1298 1440 μερισμοῦ
1322 1369 1378 1435 τῆς
1397 1361 1522 1445 χιίροος,

330 1464 365 1535 οὗ
387 1473 510 1545 μᾶλλον
530 1470 691 1550 Φροντίσοιι
713 1468 823 1535 δεῖταὶ
846 1473 897 1533 νῦν
919 1475 1067 1532 ΟΙΕΤΑΙ
1090 1468 1262 1546 λέγοντος,
1284 1478 1323 1548 τῇ
1344 1469 1375 1534 δὲ
1393 1469 1524 1548 alexau-

330 1575 426 1658 λογίςι
463 1579 592 1654 μετρίως
628 1580 849 1658 προσέχοντος.
904 1573 1080 1659 Beoeptam
1114 1573 1192 1640 olim
1226 1579 1368 1661 oportuit
1401 1583 1524 1642 certam

331 1677 441 1748 (loreis
472 1681 725 1748 emendationem
755 1681 798 1746 roi
826 1685 877 1745 νῦν
896 1680 1037 1747 ὌΝΤΛ
1061 1679 1223 1759 λέγοντος.
1271 1679 1319 1748 Of.
1344 1702 1419 1770 ρος.
1444 1679 1522 1748 574.
1640 1743 1641 1765 ρ

332 1781 351 1853 ὅ
370 1809 400 1851 τι
424 1787 450 1852 δ’
474 1785 513 1852 ἂν
538 1786 680 1869 bruodra
701 1798 756 1862 τῆς
781 1793 924 1860 τολμιοῖς
948 1787 1063 1868 ίςορίοος
1086 1791 1177 1853 τοῦτο
1200 1789 1256 1864 μὲν
1280 1787 1384 1852 ἰστέον
1409 1826 1453 1837 -
1479 1791 1523 1854 τίς
1640 1817 1641 1878 ρ

280 1919 281 1923 ’
331 1893 364 1960 δὲ
396 1900 486 1958 NTN
513 1895 652 1960 '‘ONTA
684 1881 817 1960 λεκτέον.
850 1900 882 1960 et
904 1915 978 1984 pag.
1010 1892 1086 1959 465.
1119 1896 1208 1971 ἡμεῖς
1240 1893 1289 1975 δέ,
1313 1894 1392 1978 Φησὶ
1412 1892 1524 1981 (Poly-
1640 1953 1641 1970 ,

332 1999 442 2088 bins),
465 2001 507 2064 τοὶ
532 2004 583 2065 νῦν
606 1998 679 2066 ίντοο
704 2001 888 2080 δηλώσομεν.
911 2007 943 2066 et
967 2003 1013 2066 sio
1036 2003 1160 2087 saepius
1183 1999 1271 2068 stibi.

377 2209 558 2278 Braurona
581 2207 731 2286 Codices,
755 2212 870 2296 quibus
892 2210 987 2278 hodie
1010 2214 1150 2294 utimur,
1172 2216 1343 2276 manarunt
1362 2231 1402 2278 ex
1416 2217 1524 2278 vetere

331 2316 425 2394 libro,
473 2315 506 2382 in
540 2336 602 2400 quo
637 2317 733 2383 horno
767 2317 945 2384 multarum
981 2316 1148 2382 literarum
1182 2319 1345 2405 margines
1379 2317 1525 2403 opplevit

332 2422 589 2490 annotationibus
617 2443 681 2488 non
710 2424 878 2490 ineruditis
910 2429 966 2490 aut
988 2428 1155 2508 potiturum
1178 2422 1262 2489 losoe
1285 2443 1443 2509 apponens
1465 2431 1524 2489 aut

333 2530 419 2596 dicta
449 2528 689 2613 memorabilia,
720 2551 801 2615 quae
832 2532 894 2615 ipsi
926 2529 1113 2596 Strabonem
1142 2527 1300 2594 lectitanti
1323 2531 1356 2593 iu
1378 2535 1522 2595 mentem

328 2639 485 2702 venirent.
532 2633 622 2701 Haeo
653 2639 761 2702 omnia
792 2657 986 2721 quemquam
1022 2655 1040 2699 e
1074 2632 1238 2700 Strabonis
1272 2637 1429 2702 sententia
1458 2656 1522 2701 non

333 2741 518 2820 abhorrent,
552 2747 660 2808 tamen
691 2745 816 2828 saepius
846 2762 909 2809 non
940 2743 1018 2808 sutis
1041 2745 1112 2826 apte
1136 2761 1211 2805 oum
1234 2738 1429 2826 reliquorum
1452 2761 1520 2806 ver·

331 2847 447 2915 borum
477 2849 704 2932 compositione
734 2851 865 2932 soient,
894 2853 950 2914 eut
973 2847 1114 2933 alioquin
1137 2849 1287 2914 orationis
1309 2869 1437 2914 cursum
1462 2851 1522 2914 im·
1640 2879 1641 2940 ι

331 2953 481 3040 pediunt,
524 2960 580 3019 aut
619 2953 752 3020 moleste
795 2957 1041 3040 interrumpunt.
1100 2951 1208 3019 Multa
1241 2953 1280 3018 de
1313 2975 1429 3041 genere
1461 2955 1523 3020 boe

330 3067 454 3127 veteres
483 3058 628 3126 Editoree
657 3069 859 3137 notaverunt,
895 3060 1060 3146 complura
1088 3058 1264 3126 Kramerus
1298 3059 1523 3145 deprehendit,
1640 3065 1641 3106 ί

265 3253 270 3264 ⁸
331 3165 425 3253 plura
444 3168 542 3231 etiem
561 3163 743 3231 Meinelrius
764 3164 910 3244 confixit,
932 3167 987 3232 sed
1007 3171 1175 3252 supersunt
1194 3168 1293 3231 etiam
1313 3165 1377 3231 alia
1393 3166 1524 3250 perinde

332 3276 441 3359 spuria
463 3279 496 3338 et
520 3273 661 3338 insiticia
684 3272 792 3338 eodem
817 3275 887 3339 iure
909 3272 1088 3338 damnande
1111 3278 1143 3338 et
1166 3272 1384 3360 expungenda.

376 3481 458 3570 Peg.
479 3479 554 3546 588.
579 3483 703 3547 Srmao
724 3487 953 3549 commemorat
971 3483 1025 3556 riv
1045 3480 1198 3565 Νέμεσιν,
1219 3502 1316 3567 quum
1335 3479 1523 3560 Ἀδροίτεοοιν

332 3587 544 3673 appellabant.
559 3588 766 3674 ndmnptum
779 3589 841 3654 fuit
853 3590 887 3653 in
899 3590 1059 3676 margine:
1073 3589 1267 3670 ’Λιτίμοχος
1277 3588 1309 3652 δ’
1321 3584 1397 3654 οὕτω
1409 3589 1523 3670 φησίν·

469 3692 514 3762 ἔτι
539 3693 571 3759 δέ
594 3716 639 3766 τις
665 3694 801 3768 Νέμεσις
825 3694 955 3774 μεγοίλη
980 3693 1063 3780 debr,
1085 3685 1102 3767 al
1127 3693 1204 3759 τάδε
1228 3695 1334 3760 τοίντο

469 3801 541 3881 πρὸς
563 3799 710 3880 μοικοίρων
734 3800 868 3882 ἔλαχεν·
893 3800 999 3878 βωμὸν
1024 3799 1056 3865 δέ
1079 3801 1104 3866 oi
1125 3797 1229 3868 εἴσοιτο
1254 3805 1368 3880 πρῶτος

465 3905 615 3985 ”atraere
639 3917 790 3984 τοτοομοῒο
814 3908 899 3986 rapt
925 3905 987 3988 idae
1011 3908 1175 3986 Αίσητοιο,

469 4012 540 4078 teta
561 4014 731 4090 τετίμητοιί
751 4039 786 4078 τε
811 4013 863 4078 aul
886 4013 1048 4094 Ἀδριίςειοι
1072 4021 1226 4079 κολεΐτοιι.

333 4117 491 4204 descripta
513 4119 589 4186 haee
612 4125 687 4185 eunt
710 4141 750 4184 ex
774 4118 1024 4205 Hurpoemtione
1043 4141 1092 4186 vs.
1116 4119 1292 4200 Ἀδροὲςοιο.

379 4327 459 4417 Peg.
491 4328 567 4396 636.
597 4331 653 4396 nbi
676 4329 789 4397 Strabo
813 4331 954 4398 dixerat:
979 4333 1013 4398 ἐκ
1036 4335 1163 4412 Πριήνης
1188 4330 1213 4395 δ’
1238 4326 1271 4404 ἦν
1295 4329 1369 4402 Βίοις
1393 4323 1437 4402 είς
1461 4336 1521 4396 τῶν

335 4433 418 4502 ἱστοὶ
441 4441 541 4519 σοφῶν
