3342 5080
874 261 939 342 552

307 479 382 550 pag·
413 459 489 530 731.
523 459 574 528 14.
599 461 627 528 οἱ
645 463 774 548 pecunia
798 462 831 526 ἰιι
854 463 971 530 aerario
993 485 1052 528 οιοιι
1076 461 1134 527 erit
1158 460 1290 550 (inquit)
1315 462 1349 528 οὖ
1373 455 1499 540 σύνιμεν

310 567 363 632 καὶ
395 568 644 655 βουλευσόμεθα,
674 567 728 634 εὀἔν
759 593 789 634 τι
813 567 882 653 aet„
902 608 943 618 —
968 571 1005 635 οὐ
1038 568 1186 636 δικάσει
1217 569 1265 634 τοὶ
1297 569 1500 648 δικατὴρια

309 674 352 738 τοὶ
376 699 412 740 τε
434 674 498 742 ῖδια
522 676 575 742 καὶ
598 676 641 742 soi
665 675 814 754 δημόσιος
835 677 947 742 -οὐκ
971 675 1092 742 εἴσεισιν
1118 677 1134 751 ἡ
1157 674 1256 754 βουλὴ
1281 675 1334 741 καὶ
1359 674 1499 750 διοικήσει

243 783 245 786 ’
310 780 353 846 τοὶ
384 781 418 847 ἐκ
443 789 501 848 τῶν
526 783 641 862 νόμους
666 790 699 849 at
722 785 841 848 iterum
864 804 938 872 pag.
967 780 1041 849 731.
1066 778 1120 847 20.
1145 781 1234 847 ἄλλα
1258 785 1292 859 νὴ
1318 781 1369 848 Δί’
1391 777 1498 858 ἀμισθὶ

309 893 415 953 ταῦτα
447 889 627 969 τοιὴσομεν;
652 888 704 954 καῖ
730 895 792 964 πῶς
817 891 849 954 οὐ
874 887 966 954 δεινὸν
988 889 1013 954 εῖ
1033 925 1074 938 -
1093 885 1220 966 ἄμισθος
1245 890 1259 954 ὃ
1284 888 1378 968 δὴμος
1404 885 1457 952 καῖ
1483 885 1500 962 ἡ

310 992 409 1072 βονλὴ
429 994 480 1060 καῖ
506 998 553 1061 τοὶ
578 995 777 1075 δικαςὴρια
798 992 883 1075 ἓςαι,
909 995 946 1060 ln
965 995 1113 1061 omnibus
1132 995 1298 1082 coniungit
1317 1015 1356 1060 ex
1374 993 1502 1080 ipsarsi

309 1105 423 1167 natura
453 1099 506 1167 τόν
537 1127 572 1168 τε
604 1102 838 1175 ε’κκλιισιοιτικὸν
868 1103 973 1180 μισθὸν
997 1101 1050 1166 καὶ
1076 1099 1128 1166 τὸν
1152 1099 1349 1179 βουλευτικὸν
1371 1100 1425 1166 καὶ
1449 1099 1502 1164 τὸν

312 1205 487 1293 ἡλιαςικόν,
508 1213 540 1274 et
557 1228 621 1273 non
639 1212 763 1293 poterat
782 1207 911 1274 omnino
931 1207 945 1272 i
963 1208 1121 1284 ἡλιατικῖς
1139 1206 1246 1285 μισθὸς
1266 1207 1392 1290 omitti,
1405 1225 1503 1291 quom

310 1332 411 1377 unum
429 1316 574 1378 omnium
587 1315 817 1401 gravissimum
834 1313 932 1379 luisse
947 1316 1150 1400 perspicuum
1167 1319 1231 1398 est,
1244 1312 1502 1400 quandoquidem

310 1417 537 1503 Aristophanes
558 1421 593 1483 in
622 1419 724 1503 Vcepis
747 1419 785 1485 de
808 1420 952 1486 iudicum
976 1419 1121 1486 mercede
1143 1439 1247 1486 annua
1265 1419 1343 1485 dicit
1361 1439 1410 1486 vs.
1424 1415 1501 1483 663.

304 1577 307 1584 .
400 1523 548 1602 γίγνεται
573 1524 644 1603 ὑμῖν
668 1525 777 1590 ἑκατὸν
798 1525 894 1602 δὴιτον
919 1527 972 1590 καῖ
996 1527 1189 1600 σεντὴκουτα
1212 1523 1369 1591 τοῖλαντα.

309 1634 347 1694 ut
378 1650 433 1695 sex
462 1630 606 1696 iudicum
636 1630 742 1696 millia
771 1652 828 1717 per
859 1631 927 1698 dies
957 1635 1113 1698 trecentos
1137 1652 1175 1697 ex
1199 1633 1319 1698 aerario
1342 1630 1502 1714 accipiant

309 1736 472 1815 scetem„
504 1744 559 1813 sis
592 1735 718 1819 ἡμέρας.
767 1737 878 1824 Itaque
906 1738 990 1824 apud
1014 1737 1261 1804 Demosthenem
1286 1737 1501 1823 supplendum

310 1844 375 1907 est:
400 1842 442 1907 τοὶ
467 1843 530 1924 γὰρ
552 1843 595 1916 εἷς
620 1841 679 1916 τοῖς
703 1835 870 1920 ἐκκλησίας
895 1845 959 1933 (καὶ
981 1845 1025 1909 τοὶ
1043 1844 1218 1934 δικατὴρια)
1241 1843 1293 1909 καὶ
1314 1845 1374 1916 τοῖς
1395 1841 1501 1917 θυσίας

311 1948 363 2013 καὶ
388 1949 444 2023 τὴν
466 1947 583 2027 βουλὴν
607 1950 672 2014 κτὲ.

355 2053 393 2118 Ιιι
423 2052 484 2121 fine
513 2054 575 2120 loci
605 2056 875 2138 τροοευτορεῖσῖαι
906 2056 1096 2124 mendosum
1126 2060 1175 2123 est
1204 2076 1261 2142 pro
1284 2062 1502 2134 ΠΡΟευιιοριῖ-

312 2161 394 2226 σθαι.
442 2159 531 2227 Libri
562 2160 600 2227 dc
621 2183 710 2229 more
735 2162 926 2230 dissentiunt
947 2163 1002 2229 sed
1024 2166 1058 2229 in
1082 2161 1202 2229 talibus
1225 2182 1335 2228 eorum
1358 2163 1502 2228 testimo-

310 2269 365 2332 nia
392 2288 455 2333 non
486 2269 671 2353 accipimus.
718 2267 906 2335 Schacscrus
931 2268 1100 2357 vulgatam
1123 2273 1233 2335 tuetur
1255 2271 1330 2354 quia
1352 2289 1400 2333 vs.
1427 2265 1447 2332 ὅ
1471 2272 1503 2334 st

312 2371 365 2438 11.
389 2375 533 2459 sequitur
557 2374 595 2439 de
620 2373 730 2441 eadem
752 2395 787 2441 re
811 2375 1177 2454 ΠΡΟΕκασαβλὴματα.
1213 2373 1270 2460 Bis
1291 2378 1402 2460 peccat
1426 2376 1501 2460 quis

309 2500 359 2546 res
389 2482 459 2566 ipsa
489 2479 608 2546 clamat
639 2481 915 2562 ΠΡΟευτορεῖσθαι
948 2487 980 2547 et
1010 2480 1341 2558 ΠΡΟκατιιβλὴματα
1364 2501 1502 2546 necessa

308 2588 395 2651 rium
426 2592 458 2653 et
486 2607 599 2653 verum
624 2607 700 2652 essa.
748 2586 793 2652 Ut
816 2585 1023 2669 προεισφέρειν
1047 2593 1080 2654 et
1104 2587 1289 2668 τροεισφοροῖ
1314 2583 1434 2652 dicit'ur
1457 2589 1502 2654 sio

291 2682 341 2758 ¹st
365 2690 642 2773 σροκαταβαλλειν
666 2698 698 2758 ct
722 2691 981 2774 ιτροκατιῖβλιιμα
1005 2695 1044 2759 ds
1066 2696 1107 2759 iis
1131 2694 1187 2779 qui
1205 2709 1290 2758 anun
1309 2710 1390 2758 Dum
1408 2693 1502 2758 coloe·

310 2799 381 2863 toot
415 2804 448 2864 et
482 2801 526 2864 sic
563 2800 676 2864 aerarii
705 2801 846 2886 inopiam
877 2798 1104 2878 sublevabant,
1136 2804 1174 2865 ut
1203 2798 1323 2865 Midias
1346 2797 1504 2886 gloriatur

309 2925 382 2993 pag.
416 2903 490 2969 564.
524 2903 554 2968 8.
590 2904 679 2983 ἡμεῖς
711 2907 736 2971 οῖ
768 2910 1035 2988 λειτουργοῦντες,
1069 2905 1157 2984 ἡμεῖς
1184 2907 1209 2970 οῖ
1234 2903 1500 2986 προεισφέροντες,

311 3012 399 3086 ἡμεῖς
431 3011 457 3074 cl
488 3009 627 3076 πλούσιοί
658 3010 759 3090 ἔσμεν.
807 3011 945 3098 Liquido
974 3013 1007 3077 id
1036 3010 1201 3099 colligitur
1223 3031 1262 3085 ex
1283 3012 1362 3096 ipsis
1387 3009 1502 3076 Demo·

310 3117 431 3182 athenis
462 3117 567 3183 verbis
597 3137 671 3205 pag.
706 3113 783 3184 731.
818 3115 847 3180 4.
877 3118 908 3182 οὐ
941 3118 1005 3198 γὰρ
1036 3115 1127 3183 ὄντοιν
1160 3118 1269 3182 ἱκανῶν
1301 3122 1359 3182 τῶν
1386 3117 1503 3182 ἐκτῶν

309 3228 405 3314 τελῶν
427 3220 598 3305 χρημάτων
621 3231 660 3305 τῇ
685 3222 824 3297 διοικὴσει
849 3222 892 3288 τα
915 3222 1249 3302 ΠΡΟκαταβλὴματα
1268 3260 1309 3271 -
1332 3221 1503 3301 καταβοῖλ-

306 3343 407 3394 λεται.
432 3331 605 3395 etiterum
629 3350 703 3417 pag.
732 3327 807 3398 731.
834 3329 867 3395 8.
891 3326 966 3395 ὅταν
991 3330 1023 3395 αῖ
1048 3330 1105 3407 μὲν
1122 3337 1180 3395 τοῖν
1198 3335 1296 3394 τελῶν
1316 3328 1500 3408 καταβολαὶ

308 3436 353 3514 μὴ
377 3434 482 3501 ἱκαναὶ
504 3432 556 3500 ὦσι
580 3445 619 3517 τῇ
645 3434 785 3510 διοικὴσει
804 3472 863 3520 -,
888 3434 930 3500 τοὶ
954 3434 985 3500 δὲ
1009 3437 1341 3514 ΠΡΟκαταβλὴματα
1365 3435 1436 3510 τοὺς
1456 3435 1500 3515 μὴ

306 3541 445 3616 τιθέντας
469 3542 514 3621 μὴ
540 3540 628 3621 κυρῖα
653 3536 671 3624 ἡ
696 3543 723 3617 ἡ·
738 3540 837 3620 βουλὴ
862 3539 940 3620 μηδὲ
963 3542 1006 3607 τα
1031 3541 1192 3620 δικαςὴρια
1217 3540 1321 3617 διῖσαι.

352 3749 432 3840 Peg.
471 3746 547 3816 732.
585 3747 638 3816 11.
675 3751 714 3817 ad
745 3749 833 3816 aliud
864 3751 1072 3817 accusationis
1102 3755 1197 3836 caput
1229 3752 1423 3816 transiturus
1455 3750 1501 3815 ita

307 3856 386 3922 dicit
417 3858 450 3922 οιῖ
483 3856 579 3922 τοίνυν
609 3855 699 3934 μόνον
723 3857 766 3923 ccl
790 3856 951 3940 δικαςὴρια
975 3856 1075 3939 ἄκυρα
1100 3866 1182 3924 τοιεῖ
1203 3865 1262 3924 τῶν
1285 3855 1500 3938 τροστιμιιμοὶ-

306 3985 381 4040 ταν,
419 3973 540 4029 Anna
575 3971 647 4028 ΚΑΙ
681 3971 745 4034 τοῖς
778 3963 914 4029 ἀδικοῦσι
943 3961 986 4028 soi
1019 3963 1104 4029 κοινὰ
1136 3963 1253 4029 δίδωσιν
1285 3961 1409 4042 ἄδειαν,
1442 3963 1499 4034 τὰς

308 4067 380 4147 ὑπὲρ
412 4075 467 4143 τοῖς
499 4070 615 4143 πόλεως
648 4067 795 4150 ςρασεῖας
826 4069 1030 4147 λυμαίνεται,
1064 4071 1119 4145 τὴν
1151 4069 1294 4143 διοῖκιισιν
1330 4069 1497 4152 καταλύει,

306 4181 370 4244 τοῖς
394 4171 573 4256 κακούργοις
598 4173 650 4240 καὶ
675 4184 738 4248 τοῖς
762 4176 963 4255 οῖςρατεύτοις
987 4175 1157 4254 βοηθοῦντα
1182 4175 1298 4242 τέθεικε
1323 4175 1376 4241 τὸν
1401 4174 1433 4242 νδ
1490 4223 1496 4240 .

306 4277 469 4345 Dobrseus
495 4280 578 4348 vidit
602 4285 634 4346 ct
654 4283 872 4367 unusquisque
894 4281 1018 4348 videbit
1041 4283 1097 4368 qui
1119 4282 1204 4348 hunc
1227 4281 1336 4348 locum
1362 4281 1496 4370 diligen·

304 4393 353 4452 ter
386 4383 501 4474 legerit
532 4387 629 4454 verbe
662 4387 751 4453 ἄλλα
789 4388 844 4453 καῖ
873 4391 998 4474 praeter
1028 4385 1169 4454 Oratoris
1203 4389 1397 4461 sententiam
1433 4407 1497 4456 osse
