3342 5080
319 527 471 594 orationis
492 529 653 592 auctorem
672 525 923 594 Demosthenem
943 547 1009 592 esse
1029 524 1146 590 credat.
1182 520 1378 600 Δημοσθένης
1402 522 1434 589 δὲ
1455 519 1510 586 καὶ

319 636 495 712 Λυκοῦργος
520 633 663 714 περὶτοῦ
687 633 809 699 δικαίαν
836 633 853 708 ἢ
877 634 921 710 μη
946 632 1133 713 γεγενῆσθαι
1157 631 1212 705 την
1236 629 1403 712 ἐγγραφὴν
1426 630 1512 694 οὐδὲν

319 736 471 815 λέγουσιν.
536 737 774 805 Commemorat
808 738 955 826 Dionysii
988 737 1095 804 Halic.
1131 737 1288 802 iudicium
1322 757 1423 822 neque
1459 733 1513 799 illi

321 843 496 929 quidquam
526 845 641 910 tribuit
669 867 726 911 nec
748 845 886 931 reliquos
909 845 1051 910 multum
1074 845 1214 909 tribuere
1236 843 1385 910 ostendit.
1433 841 1513 906 Per·

321 948 457 1037 vulgata
491 954 559 1016 erat
593 951 758 1016 doctorum
792 953 918 1037 opinio,
952 971 1049 1036 quam
1079 952 1113 1014 in
1144 948 1204 1016 fine
1233 951 1342 1035 ponit,
1359 951 1425 1020 ,τὸν
1452 949 1512 1026 μὲν

321 1053 462 1136 πρότερον
494 1055 587 1135 λόγον
620 1056 827 1134 Δημοσθένους
856 1053 950 1135 εἶναι,
975 1058 1026 1122 τὸν
1050 1058 1081 1123 δὲ
1105 1056 1241 1138 δεύτερον
1264 1056 1403 1134 οὐδαμῶς
1426 1055 1512 1122 οὐδὲν

320 1157 405 1238 ἄξιον
428 1147 544 1244 ἔχοντα
568 1168 621 1228 τοῦ
642 1165 770 1245 ρητορος.

368 1267 526 1354 Expedite
555 1274 636 1334 esset
662 1272 766 1336 omnis
789 1272 1001 1336 controversia
1024 1273 1056 1334 ct
1079 1271 1183 1336 omnis
1206 1270 1365 1335 dubitatio
1387 1273 1512 1336 remote

322 1375 351 1438 si
374 1395 450 1441 rere
471 1380 613 1441 narraret
635 1375 771 1442 Photius
793 1379 827 1440 in
850 1376 981 1463 Myrtoi.
1004 1397 1078 1464 pag.
1104 1374 1181 1442 491.
1204 1396 1233 1441 a.
1260 1374 1312 1440 35.
1336 1375 1394 1440 ubi
1420 1377 1512 1440 testis

322 1480 509 1565 producitur
525 1481 618 1553 αὐτὸς
638 1482 652 1546 ὃ
674 1482 887 1563 Ἀριςοριείτυν
908 1483 1102 1562 ανομολογῶν
1122 1481 1316 1558 Δημοσθένην
1333 1483 1402 1546 καθ’
1414 1481 1511 1546 αὑτοῦ

323 1586 530 1668 γεγραφέναι.
578 1587 728 1654 Habebat
750 1592 836 1655 enim
859 1591 893 1653 in
914 1590 1063 1654 manibus
1086 1591 1260 1654 orationem
1283 1589 1512 1675 Aristogitonis

196 1735 207 1748 ·
323 1694 510 1780 inscriptam
533 1693 691 1772 οὶτολομέα
716 1695 787 1776 πρὸς
811 1696 867 1769 την
890 1693 1012 1771 ἔνδειξιν
1030 1694 1209 1775 Λυκούργου
1229 1695 1280 1760 καὶ
1302 1693 1511 1772 Δημοσθένους

325 1802 357 1864 et
380 1802 426 1866 sic
447 1799 596 1888 Dionysii
618 1803 830 1887 suspicionem
854 1802 1007 1866 confutat.
1044 1802 1117 1868 Non
1136 1803 1291 1888 cogitarit
1308 1801 1411 1867 bonus
1428 1799 1511 1866 Pho

322 1905 390 1970 tius
412 1909 587 1973 orationem
610 1909 691 1973 hanc
716 1912 786 1989 post
808 1907 956 1996 Dionysii
977 1913 1115 1973 mortem
1139 1929 1205 1973 esse
1228 1910 1449 1992 compositam.

367 2010 477 2077 Etiam
507 2035 590 2079 nunc
623 2017 710 2080 enim
736 2010 885 2100 Sophiste
909 2013 1117 2080 declamitans
1138 2014 1321 2080 hominibus
1344 2014 1435 2080 bonis
1457 2013 1511 2079 sed

322 2137 384 2183 non
416 2120 494 2184 satis
522 2122 623 2185 acutis
646 2121 799 2205 imposuit
822 2125 855 2186 et
877 2119 1031 2186 Photium
1055 2119 1204 2208 theologo
1227 2141 1324 2206 quam
1347 2119 1511 2208 philologo

324 2223 513 2292 similiorem
536 2225 701 2292 hominem
723 2228 758 2291 in
781 2226 925 2292 haudem
949 2231 981 2292 et
1004 2247 1141 2293 errorem
1163 2227 1299 2292 induxit

661 2472 759 2534 KAT'
783 2474 1170 2536 'APICTOFeITONoc

691 2584 836 2642 AOI'OC
860 2583 1142 2642 'Ahecnoroe

369 2761 453 2842 Quin
483 2762 526 2825 sit
556 2760 665 2846 spuria
694 2762 726 2823 et
756 2757 964 2824 Demostheni
995 2760 1159 2844 supposita
1186 2761 1314 2824 secanda
1345 2761 1446 2824 oratio
1478 2761 1511 2823 in

322 2868 574 2954 Aristogitonem
605 2863 695 2929 nulla
724 2884 879 2948 umquam
909 2864 973 2929 fuit
1002 2885 1105 2949 neque
1139 2864 1223 2951 apud
1257 2871 1380 2932 veteres
1410 2885 1512 2950 neque

323 2979 432 3060 postea
467 2971 635 3037 dubitatio.
682 2969 740 3036 Det
774 2967 856 3035 levis
890 2969 994 3056 opella
1027 2970 1109 3036 οὐδὲν
1144 2970 1245 3037 καινὸν
1279 2970 1347 3036 οὐδὲ
1379 2971 1513 3036 ποικίλον

322 3079 441 3159 ἔχοντα
473 3082 505 3143 et
537 3075 681 3162 quolibet
702 3074 754 3141 rel
780 3076 933 3142 mediocri
957 3081 1079 3142 oratore
1101 3076 1244 3165 indigna.
1290 3075 1382 3143 Nihil
1405 3084 1513 3142 tamen

322 3187 357 3251 in
380 3185 520 3251 oratione
544 3188 575 3248 ct
599 3181 673 3248 stilo
697 3183 798 3247 inesse
822 3181 915 3247 video
939 3181 1022 3268 quod
1046 3183 1085 3248 ab
1107 3184 1216 3249 Attica
1238 3183 1363 3250 dicendi
1385 3203 1513 3248 consue-

324 3291 436 3358 tudine
477 3289 633 3355 deflectat.
694 3287 804 3354 Nitide
840 3289 948 3354 omnia
981 3295 1014 3353 et
1047 3288 1186 3357 circlate!
1218 3291 1385 3355 enunciata
1420 3295 1512 3374 sunt,

324 3397 531 3486 quamobrem
562 3396 835 3480 operaepretium
859 3414 912 3460 ms
933 3393 1093 3459 facturum
1119 3395 1267 3474 arbitror,
1296 3397 1424 3480 siquos
1447 3416 1513 3461 ora-

324 3508 421 3572 tionis
444 3502 529 3569 locos
552 3523 637 3567 nunc
658 3499 743 3566 male
766 3500 892 3566 habitos
914 3503 949 3566 in
971 3503 1135 3588 integrum
1157 3503 1325 3568 restituere
1347 3505 1465 3587 potero.

367 3715 448 3802 Pag.
472 3711 550 3777 801.
576 3711 629 3777 ll.
653 3707 751 3790 ὥσπερ
774 3710 838 3790 γὰρ
861 3715 920 3774 τῶν
942 3709 973 3774 ἐν
995 3715 1067 3780 ταῖς
1092 3709 1196 3774 ναυσὶν
1217 3708 1454 3790 ιὶμαρτημοέτυν
1468 3749 1511 3760 -

324 3817 398 3886 ὅταν
429 3821 486 3901 μὲν
515 3825 575 3884 τῶν
604 3823 718 3883 ναυτῶν
741 3840 787 3888 τις
812 3815 938 3899 aptare
957 3853 1014 3893 —,
1039 3809 1114 3881 ὅταν
1139 3815 1166 3880 δ’
1191 3817 1206 3881 d
1229 3817 1415 3897 κυβερνήτης
1436 3820 1511 3883 οἶτο-

324 3935 435 4010 τΦαλῇ
472 3927 534 3992 art.
582 3924 685 3990 Verba
719 3929 778 3989 τῶν
813 3924 1050 4005 ἁμαρτημάτων
1071 3943 1235 4008 „suspensa
1265 3929 1339 3988 sunt
1367 3945 1509 4009 necque

324 4035 500 4100 reserantur
529 4032 656 4098 habent.
703 4031 807 4096 Periit
837 4031 1026 4116 praepositio
1054 4030 1089 4094 in
1111 4028 1332 4095 huiuscemodi
1356 4033 1510 4096 sententie

324 4144 399 4229 poni
424 4139 535 4206 solita:
559 4135 658 4219 ὥσπερ
683 4138 745 4218 γὰρ
769 4136 850 4202 'elli
874 4141 932 4202 τῶν
957 4136 987 4200 ἐν
1009 4143 1080 4208 ταῖς
1104 4134 1210 4199 ναυσὶν
1233 4135 1477 4217 ἁμαρτημάτων.

319 4421 322 4427 ,
367 4348 613 4436 Interpolatione
644 4347 819 4433 impeditus
841 4345 931 4412 locus
954 4351 1002 4412 est
1024 4367 1099 4434 pag.
1124 4343 1202 4412 802.
1229 4345 1281 4411 13.
1304 4349 1330 4413 cl
1355 4345 1508 4414 τοκιτιυο·

322 4481 405 4539 μενοι
436 4453 569 4530 πάντες,
601 4454 636 4518 ἐκ
666 4459 723 4520 τῶν
754 4457 897 4518 παλαιῶν
931 4454 971 4540 [ri
1004 4453 1167 4538 βούλεσθε]
1199 4451 1365 4533 ἀρξάμενοι
1396 4453 1508 4536 χρόνον
