3348 5086
719 353 784 422 379

152 548 350 613 Archestrati
372 545 530 613 versiculo
552 546 666 612 Athen.
692 567 766 635 pag.
792 544 869 614 278.
893 565 913 612 a

314 651 398 733 εἴπερ
423 649 507 734 ἔχειν
530 654 651 731 ἀγαθὴν
676 652 787 726 ἐθέλεις
811 653 869 718 κᾶν
894 653 992 732 ἐγγὺς
1014 652 1080 734 ἁλῷ
1104 675 1162 718 που

315 759 403 825 τοῦδε
426 757 533 825 τόπου.

152 868 190 930 in
219 866 391 952 archetypo
422 870 470 930 est
501 865 600 944 twa
641 881 785 931 caereo:
824 865 903 952 quid
943 871 1024 932 osset
1066 873 1255 932 ΑΛΩΠΟΤ
1290 867 1345 933 ho·

151 974 283 1036 muncio
305 992 369 1036 non
391 971 602 1058 intelligebat.
639 971 688 1036 Hx
708 973 767 1038 hac
785 975 889 1060 igitur
908 974 1063 1037 sermonis
1082 975 1199 1038 veteris
1218 975 1346 1038 inscitia

152 1078 254 1142 multi
276 1097 395 1142 errores
418 1080 480 1144 orti
501 1083 577 1142 sunt
598 1080 717 1163 partim
739 1079 882 1144 nondum
905 1078 1024 1144 sublati
1046 1079 1233 1163 praesertim
1261 1077 1346 1163 apud

153 1182 335 1249 Platonem.
381 1183 529 1250 Indicabo
559 1189 622 1250 tres
656 1184 740 1250 unde
774 1190 912 1250 caeteros
945 1185 1123 1251 removebit
1158 1186 1214 1270 qui
1247 1183 1345 1250 volat.

155 1288 272 1354 Editur
300 1291 335 1354 in
368 1289 479 1370 (dorcic
501 1311 575 1377 pag.
601 1289 677 1356 512.
702 1299 740 1356 E.
764 1290 823 1356 τίν’
848 1289 886 1356 ἂν
912 1292 1019 1370 τρόπον
1045 1293 1115 1362 -ὢς
1140 1287 1232 1371 dorca
1257 1286 1345 1370 βιῴη.

154 1398 190 1460 in
222 1395 337 1480 Hdcpio
367 1395 487 1460 Maiore
516 1417 590 1483 pag.
616 1395 680 1461 281
705 1417 737 1462 1).
762 1399 787 1462 εἰ
812 1395 872 1477 ἄρα
898 1403 948 1462 νῦν
973 1398 1046 1473 ἡμῖν
1070 1397 1084 1463 ὃ
1108 1397 1183 1468 Βίας
1205 1393 1345 1476 arcuada

155 1501 271 1579 γέλωτ’
300 1500 339 1566 dv
369 1501 470 1582 ὄφλοι.
502 1503 539 1566 de
564 1503 691 1583 decidas
714 1524 788 1591 pag.
814 1503 890 1568 730.
916 1521 943 1568 0.
968 1501 1004 1569 ἵν’
1029 1505 1067 1574 ὥς
1090 1511 1217 1571 rastra
1239 1501 1345 1584 χρόνον

155 1609 272 1682 ἀληθὴς
305 1606 343 1671 ὢν
373 1607 491 1684 διαβιοῖ
521 1605 682 1694 (Clemens
705 1608 797 1675 Alex.
824 1609 981 1698 διαβιῴη).
1030 1609 1118 1676 Haec
1143 1612 1250 1676 omnia
1272 1614 1347 1674 sunt

154 1713 299 1778 ciusdem
330 1713 450 1778 farinae
481 1718 574 1798 etque
604 1711 689 1794 ἁλῴη
720 1715 804 1801 apud
829 1714 1029 1791 Homerum,
1054 1737 1151 1802 quare
1174 1720 1210 1780 tu
1233 1736 1347 1802 repone

156 1820 258 1898 βιοίη,
282 1819 427 1897 ἀναβιοίη
452 1824 484 1884 et
507 1819 651 1898 escalata.

692 2059 811 2127 LXIV.

584 2255 703 2322 Falacer
728 2293 770 2304 -
796 2255 926 2322 erstem.

205 2451 325 2518 Pelaccr
355 2450 441 2537 apud
471 2449 651 2518 Homerum
681 2449 716 2516 ri
747 2452 899 2530 >lycaea
931 2451 1046 2518 babere
1072 2451 1194 2537 liquido
1217 2456 1349 2517 constat.

160 2557 220 2624 Vel
249 2557 334 2624 solae
364 2559 485 2624 formae
515 2557 656 2642 r’rslrcocr,
679 2555 895 2636 bsrxocdsscroa
918 2559 968 2642 (χ.
993 2555 1063 2638 57.)
1086 2563 1119 2623 et
1141 2557 1350 2635 ἒνεικοσαὶβοιαι

161 2665 207 2748 (c.
238 2663 331 2745 431.)
362 2670 394 2730 et
425 2661 608 2744 s’rsrxordpcrc
637 2664 669 2752 (r.
696 2662 787 2749 322.)
810 2674 842 2730 et
865 2662 1042 2740 ξυνενείκοσι
1067 2661 1108 2744 (ξ.
1134 2661 1201 2749 98.)
1226 2668 1258 2729 et
1281 2663 1362 2728 drea·

160 2770 265 2846 accde,
290 2791 371 2857 quse
394 2772 429 2836 iu
452 2767 622 2836 (lodicibus
645 2773 760 2836 nostris
782 2790 907 2856 quoque
928 2771 1066 2836 intactas
1088 2770 1256 2856 leguntur,
1280 2790 1350 2834 rem

159 2877 289 2963 planem
322 2897 358 2942 ac
380 2881 501 2943 certem
524 2877 655 2942 faciunt.
702 2876 774 2942 Nou
797 2879 883 2942 enim
906 2879 1124 2962 praemittitur
1148 2885 1172 2940 e
1195 2878 1258 2942 nisi
1279 2881 1373 2942 ante*

160 2983 337 3071 digamma.
385 2978 560 3049 Confirmat
590 2981 799 3048 dialectorum
827 2985 1039 3069 comparatio:
1064 2991 1209 3049 FIKATI
1233 2985 1268 3047 in
1293 2989 1352 3048 Tc-

161 3091 240 3153 batr'e
269 3089 411 3166 Heraea,
443 3088 569 3153 Balaam
600 3088 685 3175 apud
713 3088 934 3177 Hesychium‚
973 3089 1089 3171 Victorii
1121 3089 1350 3155 Romanorum.

160 3195 199 3262 In
228 3194 380 3282 plurimis
402 3194 537 3261 Homeri
561 3195 706 3261 versibus
729 3198 908 3262 communis
930 3194 1061 3282 linguae
1083 3197 1200 3262 veteris
1223 3197 1351 3262 inscitia

160 3305 226 3369 iam
257 3301 372 3367 multis
403 3307 475 3368 ante
505 3302 726 3368 Aristarchum
756 3302 891 3368 saeculis
914 3309 1076 3368 vetustam
1099 3301 1276 3368 litterulam
1299 3302 1352 3367 ob

159 3410 318 3483 scaravit,
351 3407 405 3474 sed
436 3428 547 3493 operae
577 3411 716 3494 pretium
750 3415 798 3474 est
829 3408 937 3473 videre
968 3428 1065 3493 quam
1096 3407 1161 3473 leni
1189 3412 1221 3473 st
1255 3428 1353 3492 quam

161 3521 247 3581 certa
270 3516 461 3580 correctione
479 3514 680 3580 indubitatus
700 3517 825 3600 antiqui
843 3517 997 3580 sermonis
1015 3535 1092 3579 usus
1112 3514 1231 3598 ubique
1250 3512 1354 3578 veluti

159 3623 342 3688 reviviscat.
388 3621 531 3686 Perutile
561 3625 609 3685 est
641 3620 812 3707 diligenter
834 3619 1087 3686 animadvertere
1110 3620 1227 3704 quibus
1249 3619 1353 3685 modis

162 3727 241 3793 olim
273 3726 409 3792 Homeri
440 3731 582 3792 cantores
614 3731 647 3792 et
679 3727 812 3806 ῥαψῳδοί
834 3745 1040 3791 numerorum
1063 3725 1170 3792 labem
1196 3727 1352 3802 sarciant,

161 3833 245 3898 uude
268 3832 372 3899 discas
395 3837 427 3899 et
450 3855 511 3918 quo
534 3838 628 3919 pacto
650 3853 741 3900 veras
763 3835 934 3917 scripturas
953 3835 988 3896 in
1005 3833 1169 3919 integrum
1188 3834 1354 3898 restituere

161 3941 263 4025 possis
287 3943 320 4004 et
342 3940 429 4005 intra
450 3960 528 4024 quos
551 3937 628 4004 fines
646 3945 792 4004 veterum
812 3941 990 4003 carminum
1011 3941 1045 4002 in
1062 3938 1122 4003 hac
1141 3943 1230 4023 parte
1250 3958 1354 4003 emen-

164 4043 250 4110 datio
281 4047 451 4111 consistere
482 4045 604 4112 debeat.
651 4046 831 4131 Proponam
861 4047 1003 4130 primurn
1035 4044 1151 4111 Poetae
1182 4043 1355 4111 versiculos

164 4155 196 4216 et
226 4151 267 4217 ab
299 4151 372 4217 aliis
403 4157 436 4217 et
466 4173 485 4217 a
515 4151 660 4219 Bentleio
692 4152 878 4237 praesertim
911 4150 1109 4223 emendatos,
1143 4155 1354 4234 stepponem

164 4279 257 4325 verae
279 4257 410 4324 lectioni
429 4279 515 4338 cam,
536 4279 617 4345 quae
637 4263 669 4323 et
688 4279 772 4322 nunc
792 4259 827 4322 in
846 4253 1017 4323 Oodicibus
1035 4255 1115 4323 Mae.
1135 4256 1357 4322 circumfertur

165 4370 197 4430 et
227 4369 296 4431 erat
327 4367 395 4432 sine
426 4367 638 4432 controversia
668 4363 778 4430 ecdem
801 4367 836 4427 in
861 4362 1014 4429 Veterum
1038 4359 1230 4430 criticorum
1252 4361 1354 4429 libris.

165 4468 345 4536 Subiiciam
374 4472 427 4538 his
456 4471 572 4539 Polites
595 4470 700 4547 locos,
724 4472 780 4555 qui
804 4470 907 4537 adhuc
931 4475 1139 4537 correctorem
1163 4474 1354 4554 exspectant.
