3342 5080
881 341 949 416 538

319 543 358 605 ut
388 538 525 606 assolent
556 531 670 622 πρῶτον
703 537 760 617 μέν
783 543 816 604 et
839 535 960 605 ἔπειτα.
1006 531 1118 605 Primo
1141 539 1281 607 conditio
1304 546 1352 607 est
1375 535 1510 628 duplex:

320 647 363 726 τῷ
395 646 488 724 μηδὲν
516 644 668 721 ἠδικηκότι
692 646 815 711 πώποτε
839 647 912 724 μηδ’
936 645 975 712 ἀν
997 645 1112 711 ἀδικεῖν
1135 647 1289 725 βούληται
1313 647 1512 730 δυνησομένῳ.

320 752 550 820 Demosthenes
581 754 705 838 copiose
735 750 843 816 docuit
874 773 936 818 non
967 773 1033 818 esse
1063 755 1141 818 setis
1164 753 1200 819 τὸ
1222 755 1317 833 μηδὲν
1341 754 1513 830 ἠδικηκέναι

321 861 461 936 πώποτε,
486 878 624 943 nemque
647 877 756 924 omnes
779 860 914 923 mutetis
937 859 1135 944 temporibus
1157 865 1283 926 mutare
1307 867 1461 927 mentem.

367 966 404 1032 In
435 969 577 1031 extremo
607 964 677 1031 loeo
699 962 817 1030 sciolus
839 966 944 1030 neseio
967 967 1038 1050 quis
1062 967 1159 1047 τούτῳ
1182 965 1281 1032 δοτέον
1304 967 1515 1055 frigidissime

323 1073 362 1140 de
393 1093 450 1140 suo
481 1071 616 1137 eddidit.
661 1070 734 1138 Non
762 1068 923 1136 intellexit
952 1071 1030 1138 hose
1062 1075 1171 1139 omnis
1196 1073 1332 1159 pendere
1355 1095 1395 1140 ex
1417 1072 1517 1140 δοτέα

322 1206 353 1248 τι
376 1202 519 1246 τοιουτου.

369 1391 452 1479 Peg.
486 1387 564 1459 664.
594 1387 626 1454 2.
648 1425 692 1439 -
709 1389 878 1468 ἡγούμενον
910 1388 1128 1477 (Iphicratem)
1159 1392 1199 1462 ἀς
1234 1391 1291 1466 μὲν
1327 1392 1410 1469 ὑμεῖς
1446 1393 1517 1472 οὐχὶ

326 1505 429 1569 καλῶς
463 1494 547 1578 ἔχειν
577 1495 688 1574 ἐλθεῖν,
722 1493 772 1568 οὓς
803 1496 921 1577 estnon
946 1497 1108 1571 ἐπεποίητο
1130 1502 1183 1560 τοῦ
1208 1499 1326 1580 Θρᾳκὸς
1350 1499 1403 1562 καὶ
1431 1497 1513 1585 [τοῦ]

325 1602 499 1694 βαρβάρου,
545 1603 702 1690 Expunge
724 1601 861 1666 alterum
884 1607 950 1669 τοῦ.
998 1602 1046 1668 De
1068 1622 1133 1669 uno
1154 1602 1285 1670 homine
1307 1602 1385 1669 hoec
1409 1604 1517 1670 dieun-

324 1717 388 1777 tur.
435 1717 474 1774 ‘0
500 1709 588 1794 Θρᾲξ
609 1710 661 1774 καὶ
687 1708 700 1771 t
722 1707 882 1792 βάρβαρος
906 1708 969 1773 duo
992 1713 1076 1774 sunl.

371 1919 446 2002 Peg.
478 1917 556 1983 665.
589 1916 643 1982 22.
675 1921 726 1981 νῦν
749 1916 780 1982 δέ
803 1915 986 1996 γέγραπται
1012 1919 1174 2000 Χαριδήμῳ
1197 1920 1239 2001 τῷ
1264 1917 1353 1984 πθλιυ
1374 1919 1433 1997 μέν
1458 1919 1520 1986 οὐδ’

327 2027 459 2102 ἧντινοῦν
491 2027 633 2100 οἰκοῦντι,
669 2022 765 2107 Θρᾳκὶ
799 2022 831 2088 δέ
861 2024 1003 2104 ἀνθρώπῳ
1037 2023 1200 2110 [βασιλεῖ]
1232 2031 1438 2106 τρατηγοῦντι
1465 2027 1518 2092 καὶ

326 2133 378 2199 διά
404 2141 460 2207 τῆς
485 2132 596 2199 ἐκείνου
620 2131 789 2210 βασιλείας
813 2129 945 2204 πολλοὺς
970 2130 1133 2196 ἀδικοῦντι.
1180 2129 1267 2197 Scire
1289 2131 1389 2198 velim
1413 2135 1522 2218 eequis

327 2241 408 2306 sorio
440 2239 547 2304 eredat
577 2239 656 2304 bene
687 2235 809 2304 Graece
840 2237 904 2302 diei
932 2257 1023 2323 posse
1053 2234 1142 2321 Θρᾲξ
1171 2235 1323 2319 ἄνθρακος
1347 2238 1518 2317 βασιλεύς,

291 2403 300 2419 .
326 2345 380 2412 sel
403 2348 531 2412 omnino
556 2343 706 2426 ἄνθρωπος
731 2342 897 2421 βασιλεύς.
943 2341 1142 2410 Contemtim
1165 2348 1197 2410 et
1219 2343 1381 2411 fastidiose
1403 2343 1520 2412 Demo·

327 2451 454 2517 sthenes
478 2451 600 2517 dixerat
625 2448 722 2533 Θρᾳκὶ
746 2448 777 2514 δέ
802 2450 957 2530 ἀνθρώπῳ,
982 2454 1021 2515 ut
1044 2448 1147 2516 solent
1170 2448 1285 2516 Graeci
1312 2452 1518 2517 barbarorum

327 2579 419 2646 reges
451 2562 507 2622 sut
537 2555 683 2646 regulos,
715 2575 794 2640 quos
824 2555 1021 2641 despiciunt,
1053 2555 1249 2642 appellitere.
1296 2557 1349 2623 Sin
1376 2559 1390 2622 ὁ
1413 2561 1517 2632 Μῆδος

328 2665 460 2743 dieitur,
497 2662 511 2727 θ
546 2666 672 2744 Τύριος,
708 2663 722 2726 l
757 2661 895 2734 Σιδώνιος
930 2665 963 2727 et
996 2661 1168 2748 Philippus
1203 2661 1311 2729 odioso
1340 2666 1471 2730 nomine
1501 2664 1515 2728 θ

325 2769 488 2836 Μακεδών.
535 2768 646 2855 Neque
678 2768 870 2854 ambignum
902 2787 968 2833 esse
991 2772 1097 2853 potest
1119 2789 1214 2852 quem
1239 2768 1339 2854 dieat,
1363 2773 1439 2856 quin
1461 2769 1515 2835 od-

326 2878 409 2944 didit
432 2877 483 2942 διά
507 2883 561 2950 τῆς
584 2874 695 2939 ε’κεθνυυ
716 2872 894 2951 βασιλεθας.
932 2872 1041 2939 Simili
1059 2872 1155 2940 modo
1175 2875 1257 2940 dixit
1275 2896 1347 2963 pag.
1370 2875 1446 2941 654.
1462 2875 1513 2941 18.

323 2982 440 3064 μηδένα
464 2978 542 3048 εἶναι
565 2988 624 3047 τῶν
647 2985 772 3064 Θρᾳκῶν
795 2979 928 3060 ἰσχυρόν.
954 2998 986 3066 p.
1009 2977 1085 3044 664.
1114 2979 1166 3046 11.
1187 2981 1239 3047 τὸν
1261 2989 1370 3066 Θρᾷκα
1391 2982 1513 3065 ἰσχυρὸν

327 3091 381 3173 έφ’
414 3090 496 3168 ὑμᾶς
521 3086 634 3159 αὐτοὺς
657 3084 930 3152 κατεσκευακέναι.
953 3105 1029 3174 pag.
1054 3083 1130 3152 679.
1158 3086 1211 3151 11.
1235 3091 1287 3153 τὸν
1310 3088 1446 3166 πόλεμον
1469 3090 1512 3154 δε-

327 3197 393 3270 διὼς
423 3196 475 3262 τθν
506 3193 578 3274 πρὸς
607 3193 677 3264 τοὺς
712 3198 850 3274 Θρᾷκας.
879 3213 911 3278 p.
938 3191 1015 3257 681.
1042 3191 1094 3257 15.
1119 3193 1161 3257 τά
1185 3193 1257 3274 πρὸς
1282 3195 1352 3268 τοὺς
1378 3204 1515 3280 Θρᾷκας.

327 3304 377 3369 Ad
406 3302 488 3368 hene
517 3300 624 3366 luoem
656 3299 863 3365 menifestum
894 3303 1042 3365 tenemus
1071 3299 1233 3367 emblema
1262 3322 1336 3390 pag.
1361 3302 1438 3369 689.
1463 3301 1513 3368 29.

327 3410 398 3481 τοὺς
422 3415 549 3492 Θρᾷκας
573 3405 642 3476 τοὺς
667 3403 719 3471 δύο
745 3406 829 3490 [τοὺς
853 3405 1038 3491 βασιλέας].

372 3620 453 3708 Peg.
478 3614 554 3683 666.
582 3615 610 3681 1.
638 3609 687 3696 ἀρ’
711 3609 761 3680 οὖν
784 3616 940 3681 καλὸν-
959 3621 1013 3683 τοῦ
1036 3617 1092 3696 μέν
1114 3613 1205 3684 ἕνεκα
1228 3624 1284 3692 τῆς
1307 3619 1418 3685 ἑαυτοῦ
1440 3634 1517 3684 πλε·

328 3725 446 3806 ονεξίας
471 3721 744 3802 ἒπιβουλεθθοντος
768 3718 811 3796 οἷς
834 3721 873 3788 ἀν
895 3723 981 3807 τύχη
1004 3725 1150 3800 τοιαύτην
1169 3726 1316 3807 Φυλακηυ
1337 3725 1517 3808 ἐψηφισμέ-

328 3859 391 3908 νους
423 3831 604 3916 Φαθνεσθαι,
637 3837 699 3903 τοῖς
731 3829 757 3894 δ’
791 3829 863 3910 ὑπέρ
891 3838 946 3905 τῆς
972 3831 1087 3897 ἑαυτῶν
1110 3831 1279 3911 έλευθερθας
1302 3831 1518 3910 ἀμυνομένοις

330 3939 483 4021 εἴργεσθαι
507 3945 562 4012 τῆς
587 3934 736 4016 ὑμετέρας
755 3937 947 4016 συμμαχίας
970 3937 1175 4019 προειρηκέναι
1181 3959 1190 4016 3
1214 3937 1428 4024 Exsequanda
1445 3942 1518 4003 sunt

328 4049 406 4114 hoec
436 4050 474 4110 ut
501 4041 658 4110 scribatur
680 4041 951 4121 έτιβουλεθσοντυς
969 4081 1012 4092 -
1028 4044 1288 4131 ἀμυνΟΤμένοις,
1312 4065 1387 4112 nam
1411 4065 1518 4111 sensus

329 4159 378 4221 est
400 4149 475 4219 θταν
499 4150 576 4224 τινές
601 4149 790 4227 ἀμύνωνται.

374 4363 455 4450 Peg.
481 4359 555 4426 666.
584 4357 639 4426 23.
663 4357 769 4432 πθλεις
793 4359 1040 4440 κατελάμβανεν
1063 4359 1268 4440 Ἑλληνίδας,
1293 4363 1335 4435 εἷς
1359 4351 1399 4434 ἀς
1423 4357 1516 4427 sistite

330 4468 437 4540 πολλοὶ
467 4467 520 4533 καὶ
551 4466 636 4532 δεῖνα
668 4465 760 4532 έτοθει
784 4467 911 4540 παῖδας
936 4467 1106 4548 ἐλευθέρας
1129 4469 1266 4556 [ἀδικῶν]
1291 4467 1343 4535 κα)
1367 4477 1519 4552 γυναῖκας
