3304 5090
883 347 946 418 176

320 536 351 603 8.
399 537 512 611 οίκείοις
537 539 567 602 ἐν
589 546 639 614 τῆι
663 544 764 624 φυγῆι
787 537 939 618 ουντοίέοοι
962 537 1070 629 Atypo
1095 538 1179 604 κοιτίο
1205 544 1264 605 τῶν
1289 539 1414 626 λυκοιίρ)

320 641 349 708 9.
399 669 456 722 γον
479 642 585 722 νίμων.

335 787 338 794 .
364 749 401 814 Iu
430 751 480 816 bis
511 749 635 818 Codicis
663 755 744 818 vitia
767 757 842 818 sunt
863 753 980 830 οίρίδκρ
1003 773 1060 838 pro
1083 749 1257 829 Ἀνιοίδοις,
1283 759 1316 818 et
1338 753 1509 833 εὐρύποδοις

321 894 362 904 -
384 859 547 936 repentest
566 879 623 944 pro
642 859 878 940 Εὐρυπωντίδιις
899 896 942 907 -
963 861 1209 940 Εὐρυπωντιδῶν.
1231 862 1370 926 namsia
1392 859 1510 939 ’Λγιοί-

318 963 373 1034 δοις
406 969 438 1028 et
466 965 700 1041 Εὐρυπωντίδας
729 964 955 1050 Spartanorum
984 964 1089 1052 Reges
1117 963 1292 1051 appellatos
1314 965 1410 1032 fuisse
1434 967 1510 1033 dili-

317 1075 429 1156 genter
450 1070 646 1137 ostendimus
665 1074 699 1136 in
721 1072 864 1136 Mnemon.
891 1069 981 1135 1860
1005 1090 1079 1158 pag.
1105 1068 1172 1134 292
1195 1091 1262 1156 sqq.

364 1175 402 1240 In
433 1178 564 1241 caeteris
595 1177 740 1242 indicabo
772 1195 808 1241 ea
838 1175 895 1240 ubi
917 1195 936 1241 a
957 1156 1107 1241 lirameri
1128 1174 1264 1242 lectione
1286 1176 1510 1263 supplements

318 1301 391 1346 mea
410 1281 599 1368 discrepant.
621 1303 669 1348 vs.
692 1281 722 1347 3.
742 1281 903 1346 Kramert'
916 1281 986 1354 τοὺς
1004 1281 1060 1359 μὲν
1074 1281 1149 1366 (γὰρ
1161 1282 1358 1368 decessibus
1371 1284 1507 1357 δικαίως.

320 1387 506 1457 Δυνοιςεόειν
539 1389 656 1454 dicitur
686 1389 724 1454 de
753 1387 906 1471 impotenti
934 1387 1150 1466 dominatione,
1182 1391 1290 1474 itaque
1314 1389 1507 1466 Bassaricas

317 1491 439 1566 δικαίως
476 1494 638 1560 substitui.
685 1491 842 1561 Continuo
877 1496 1020 1579 sequitur
1052 1493 1237 1562 δυνοιςεῦοοιι
1273 1515 1310 1561 ea
1344 1517 1407 1582 qua
1436 1497 1508 1564 dixi

290 1626 295 1632 ·
318 1597 558 1686 significatione.
968 1639 989 1657 -

363 1704 414 1770 Vs.
443 1704 474 1770 6.
522 1705 580 1771 Kr.
604 1709 699 1771 aciem
719 1704 911 1786 οίποδιδοτοι(ι
935 1703 1091 1795 οίκιςοιίς).
1117 1705 1225 1772 addidi
1244 1707 1415 1774 articulum
1441 1720 1507 1784 τοῖς

319 1811 457 1882 οίκιςοιῖι.

361 1917 414 1982 Vs.
452 1913 483 1983 7.
540 1917 598 1983 Kr.
643 1915 828 2002 ἐκπεσέν(τοι
843 1962 1010 1982 ........
1046 1919 1115 2002 τῆς)
1152 1917 1276 1992 οίκείοος.
1334 1917 1505 2006 Supplevi:

320 2021 490 2087 ἐκπεσόντα
515 2022 624 2095 ἀδίκως
647 2025 682 2088 ἐκ
705 2031 761 2096 τῆς
786 2023 910 2094 οίκείοις.

363 2127 416 2194 Vs.
444 2127 476 2193 8.
523 2127 581 2194 Kr.
605 2128 756 2206 ουντοίξωι
780 2129 885 2208 aega
910 2129 994 2194 κοιτοδ
1013 2134 1066 2194 τοῦ
1087 2131 1298 2211 monetalem,
1321 2130 1418 2210 νίμων
1437 2136 1502 2200 xri.

317 2233 399 2314 Quia
416 2255 479 2300 non
497 2233 684 2322 Lycurgum
704 2234 889 2300 insimulare
907 2241 1047 2321 poterat,
1066 2237 1120 2303 sed
1138 2237 1282 2326 Lycurgi
1300 2237 1410 2326 leges,
1431 2261 1505 2326 snp-

316 2340 423 2426 plevi:
448 2339 535 2417 λιίγοι
559 2342 644 2405 κοιτοδ
669 2347 727 2406 τῶν
751 2341 928 2419 Λυκούργου
953 2341 1057 2420 νόμων.

363 2446 523 2511 Ultimum
547 2446 609 2512 loci
633 2453 757 2533 partem
780 2469 843 2512 non
867 2449 1007 2533 expedio.

362 2552 529 2618 Praeterea
555 2553 743 2619 manifestus
766 2573 851 2619 error
872 2555 906 2617 in
929 2555 1036 2620 verbis
1059 2555 1241 2620 Ποινσοινίοιν
1265 2562 1323 2620 τῶν
1345 2558 1505 2634 Εὐρυπων-

317 2657 421 2733 τιδῶν,
453 2655 529 2745 qnia
557 2665 680 2724 certum
711 2665 759 2725 est
789 2665 847 2723 τῶν
877 2661 1034 2736 'spretor
1069 2682 1143 2726 eum
1178 2660 1292 2740 brisso,
1328 2664 1373 2728 sic
1407 2666 1506 2730 eximi

316 2786 407 2851 posse
429 2765 556 2831 videtur
578 2772 616 2830 nt
637 2765 818 2832 retrahatur
840 2786 879 2830 ex
901 2765 980 2853 fuga
1002 2768 1192 2852 praepositio
1215 2770 1312 2834 etita
1332 2770 1503 2835 scribetur:

318 2874 498 2936 Ποινοοινίοιν
530 2895 564 2935 τε
596 2873 693 2937 ‘Tuo
723 2879 781 2936 τῶν
804 2873 1040 2948 Εὐρυπωντιδῶν
1067 2873 1235 2937 ἐκπεοίντοι
1259 2874 1369 2948 οίδίκως
1394 2877 1428 2940 ἐκ
1450 2883 1505 2950 τῆς

317 2977 441 3048 clectos.
495 2976 544 3042 De
584 2976 759 3044 Pausaniae
792 2978 913 3043 iudicio
947 2980 1139 3063 paucissima
1172 2983 1299 3044 tantum
1331 2985 1506 3048 memoriae

316 3083 442 3169 prodita
472 3087 556 3148 sunt.
589 3080 720 3150 Oonstat
750 3105 824 3149 enm
855 3085 888 3147 in
919 3085 1023 3168 priore
1045 3084 1164 3149 iudicio
1188 3087 1243 3150 vix
1267 3086 1451 3152 absolutum
1475 3094 1508 3154 et

316 3193 402 3278 regis
432 3189 545 3277 Agidis
575 3193 731 3255 sententia
759 3190 947 3254 damnatum
978 3209 1054 3256 esse.
1101 3188 1237 3255 Pausan.
1269 3189 1326 3255 111.
1359 3192 1389 3258 5.
1415 3193 1448 3258 2.
1473 3197 1507 3259 in

317 3296 452 3373 secundo
484 3296 646 3360 absentem
676 3295 922 3361 condemnatum
944 3299 1076 3361 vertisse
1099 3294 1214 3360 solum.
1261 3295 1408 3383 Xenopb.
1431 3299 1506 3364 Hel-

317 3405 375 3468 teo.
407 3401 463 3466 III.
488 3399 518 3464 5.
543 3399 598 3465 25.
646 3401 810 3467 Plutarch.
836 3400 965 3482 Ιοριοωιί.
992 3402 1045 3467 30.
1092 3401 1228 3466 Pausan.
1250 3400 1305 3466 III.
1333 3401 1364 3468 5.
1390 3403 1421 3470 6.
1468 3404 1507 3471 lu

316 3511 376 3576 boc
396 3507 493 3575 exilio
511 3507 661 3574 adversus
680 3507 824 3595 Lycurgi
841 3505 929 3593 leges
948 3510 1121 3573 orationem
1140 3509 1358 3592 conscripsisse
1378 3509 1505 3577 dicitur.

361 3719 442 3806 Pag.
477 3713 553 3781 369.
586 3711 640 3780 εἶθ’
673 3717 686 3780 t
711 3717 877 3797 Σωρωνικδς
902 3717 1030 3789 κόλπος·
1054 3717 1079 3779 oi
1105 3714 1135 3779 δὲ
1161 3712 1269 3779 πίντον
1294 3713 1439 3791 λέγουσιν
1466 3715 1506 3800 [οἱ

318 3823 350 3888 tt
380 3823 501 3906 πόρον].
533 3823 600 3886 κωί’
631 3817 644 3886 δ
673 3821 725 3885 καί
749 3823 890 3901 πίλοιγος
915 3823 1045 3900 ityreos
1070 3819 1248 3898 Σωρωνικί.
1295 3819 1411 3886 Exime
1439 3841 1506 3885 em·

317 3930 423 3996 blema
446 3949 484 3994 ex
508 3927 725 4014 dittographia
747 3935 869 3994 natum.
913 3929 1061 3994 Refertur
1080 3931 1166 3994 enim
1186 3929 1253 3992 ost·
1275 3916 1289 3990 δ
1309 3925 1402 3991 adid
1422 3926 1506 4012 qnod

318 4037 467 4102 continuo
494 4033 717 4119 praecedebat,
744 4036 853 4119 itaque
882 4035 1089 4100 manifestum
1122 4038 1170 4100 est
1200 4033 1310 4099 referri
1341 4031 1381 4098 ed
1412 4033 1438 4097 οί
1474 4033 1505 4098 δὲ

318 4148 504 4208 ΠΟΝΤΟΝ
537 4137 699 4217 λέγουσιν,
731 4160 867 4226 namque
896 4141 956 4206 bae
986 4142 1025 4206 de
1049 4161 1142 4206 causa
1168 4141 1267 4205 etiam
1291 4137 1431 4215 πέπονος
1459 4137 1507 4204 di·

320 4249 458 4312 cebatur.

361 4351 481 4419 Deinde
510 4352 636 4439 supple:
669 4358 814 4420 κωιεΐπωι
845 4351 875 4417 δὲ
908 4351 1088 4440 (ΟΤΤΩΟ)
1121 4356 1184 4426 troie
1216 4353 1230 4417 t
1261 4349 1423 4417 οννοίπτων
1451 4351 1505 4417 τί·

319 4483 365 4540 ρος
391 4483 456 4526 κτε.
