3356 5084
874 332 940 406 492

354 527 434 617 Pag.
479 530 555 597 460.
598 525 651 596 17.
689 529 740 595 aa}
776 535 835 595 τῶν
869 531 927 609 μὲν
961 531 1029 604 τοὺς
1066 527 1299 607 δανεισαμένους
1334 525 1503 594 ἀποδοῦναι

308 633 488 700 κελευόντων
516 638 600 721 [τοὺς
625 633 660 712 ἐξ
683 633 807 721 cissos}
844 635 908 716 Qui
930 637 995 702 sint
1018 636 1043 700 οί
1063 633 1277 714 δανεισάμενοι
1296 636 1503 720 perspicuum

307 747 356 807 ost
379 746 411 807 at
434 762 473 808 ax
493 744 563 827 ipsa
587 763 620 808 re
643 747 675 807 ot
694 763 733 806 ax
752 744 794 807 iis
815 762 896 828 quas
913 741 1114 828 praecedunt.
1151 740 1320 806 Praeterea
1340 739 1504 807 emblema

307 849 342 912 in
365 852 433 913 tam
456 846 593 914 molesta
616 848 688 914 sede
713 847 903 916 collocatum
927 853 975 914 ost
997 852 1035 912 ut
1057 846 1110 916 val
1132 847 1207 913 hino
1233 845 1318 912 frans
1340 851 1460 931 pateat.

352 1057 433 1144 Pag.
466 1056 541 1124 460.
575 1055 629 1123 29.
662 1059 696 1124 πό
728 1065 784 1132 τῆς
818 1057 934 1132 πόλεως
966 1055 1033 1133 iios
1053 1095 1094 1106 -
1115 1055 1170 1123 ίδοι
1201 1079 1249 1146 τίς
1278 1054 1317 1122 av
1346 1059 1499 1142 τοιοῦτον,

307 1166 443 1249 repetita
465 1163 590 1250 syllaba
611 1163 684 1250 laga
707 1168 840 1230 τοιοῦτον
861 1165 948 1230 '0N.

354 1373 432 1463 Pag.
461 1373 536 1439 461.
564 1373 615 1439 16.
641 1369 663 1456 ᾦ
687 1373 766 1456 μόνῳ
791 1374 912 1456 μείζους
936 1375 1011 1442 είοίν
1030 1376 1063 1440 si
1083 1375 1170 1454 ποιρόι
1188 1380 1246 1439 τῶν
1266 1374 1369 1451 δήμων
1389 1373 1497 1454 δωρεοοδ

308 1487 366 1546 τῶν
402 1480 488 1560 ποιροὶ
519 1487 576 1546 τῶν
605 1479 709 1546 ἄλλων
733 1487 890 1547 πολιτειῶν
916 1481 1099 1567 [διδομένων]
1124 1481 1177 1546 sal
1201 1485 1292 1546 τοῦτο
1314 1487 1499 1562 οίΦοιιρεΐτοοι

307 1591 358 1652 νῦν
389 1587 431 1666 τῷ
465 1586 555 1669 νόμῳ.
601 1587 832 1674 interpolatum
856 1595 889 1654 et
912 1591 1056 1674 spurium
1082 1595 1129 1654 ost
1151 1589 1357 1673 participium
1382 1586 1499 1664 διδομέ-

306 1717 369 1759 νων.
407 1691 563 1760 Dioabant
586 1695 620 1760 οοί
645 1695 732 1775 πορόι
756 1701 815 1760 τῶν
837 1694 941 1773 δόμων
963 1693 1089 1775 δωρεοοί,
1114 1695 1182 1759 sins
1204 1695 1390 1779 participio,
1412 1694 1497 1779 quod

305 1798 429 1865 sioddi
454 1800 566 1866 fuisset
589 1799 719 1866 solitum
744 1800 894 1867 dixisset:
920 1803 953 1867 οοί
981 1801 1067 1880 ποιριὶ
1088 1805 1146 1862 τῶν
1166 1799 1268 1878 δήμων
1290 1797 1397 1881 δωρεαί
1421 1799 1498 1867 διδό-

305 1913 409 1983 μενΑΙ
441 1911 499 1970 τῶν
531 1906 617 1986 ποιρόο
649 1913 707 1972 τῶν
738 1904 843 1973 όίλλων
867 1912 1024 1972 πολιτειῶν
1047 1905 1169 1986 μείζους
1194 1906 1279 1971 εἲοίν.
1327 1903 1390 1972 Sed
1413 1907 1496 1972 nihil

306 2016 354 2077 est
384 2010 443 2077 has
474 2014 701 2097 compositione
732 2013 946 2099 frequentius:
985 2013 1019 2078 ai
1050 2011 1137 2092 πυροὶ
1167 2018 1225 2078 τῶν
1253 2011 1355 2088 δήμων
1389 2012 1498 2091 δωρεαί

305 2115 506 2202 appellantur
529 2138 602 2206 pag.
630 2117 705 2183 461.
734 2118 792 2196 16,
819 2117 894 2187 467.
920 2117 980 2197 27,
1007 2115 1082 2184 476.
1109 2117 1144 2196 2,
1171 2116 1247 2184 478.
1275 2115 1333 2190 16,
1360 2116 1494 2194 490,1.

304 2221 347 2288 llt
380 2224 425 2288 sio
458 2223 474 2297 ἦ
509 2225 594 2302 πυρόν
628 2225 740 2289 τούτων
770 2222 876 2307 χόρις.
912 2223 995 2302 470,
1029 2221 1058 2288 5.
1093 2223 1174 2290 anda
1197 2223 1398 2289 scribendum
1421 2245 1494 2312 pag.

304 2327 381 2396 477.
416 2327 449 2394 3.
485 2328 544 2400 τόις
575 2329 712 2410 χοίριτοος
746 2329 829 2419 (τοὶς)
864 2328 940 2412 παρ’
974 2332 1055 2409 ὑμῶν
1087 2330 1217 2400 οίπίςους
1240 2325 1327 2404 ἕξειν.
1375 2328 1494 2394 lladom

303 2434 429 2500 dioendi
453 2434 556 2499 forma
581 2440 629 2499 est
651 2437 704 2500 in:

350 2543 367 2618 εί
393 2541 480 2621 ποορόο
503 2547 562 2606 τῶν
586 2543 656 2607 όεῶν
680 2541 781 2608 εόνοιιο
804 2565 878 2632 pag.
906 2543 958 2610 12.
984 2541 1023 2621 8,
1052 2540 1103 2608 18.
1128 2541 1162 2609 2.

348 2648 463 2725 ἧποοό
488 2646 570 2725 ὑμῶν
594 2647 725 2727 τιμωρίιι
752 2645 829 2716 775.
854 2648 886 2715 2.

349 2757 365 2829 ἡ
390 2752 462 2834 πρός
487 2751 557 2824 τοὺς
580 2751 804 2836 πρεσβυτέρους
828 2755 916 2836 ποοροὶ
939 2761 996 2820 τῶν
1021 2754 1090 2820 νόοιν
1115 2753 1249 2834 οιίτχόνη
1275 2752 1349 2822 771.
1380 2756 1408 2819 1.

348 2863 381 2926 al
404 2859 493 2940 πορόι
516 2863 569 2924 τοῦ
593 2860 686 2934 δεῖνος
711 2860 837 2936 ἐλπίδες
863 2859 916 2926 52.
942 2859 997 2928 25.

347 2970 364 3044 ἡ
389 2968 462 3047 περ’
488 2965 570 3043 ὑμῶν
594 2965 712 3041 ποίησις
738 2963 814 3032 466.
843 2966 895 3033 16.

347 3072 360 3135 ό
385 3069 461 3151 παρ’
488 3073 561 3150 ἐμοῦ
585 3070 678 3150 λόγος
705 3070 779 3139 479.
807 3071 863 3139 21.

346 3181 363 3254 ἡ
388 3177 462 3259 παρ’
487 3176 597 3246 suasos
619 3176 769 3257 βούλησις
795 3177 849 3245 30.
874 3177 928 3244 26.

346 3286 378 3350 ai
403 3281 489 3366 ποοροί
513 3307 590 3356 τινος
615 3283 836 3367 βλασφημίαι.

345 3393 378 3457 ai
402 3390 489 3471 πυροί
512 3413 591 3463 τινος
615 3389 776 3473 ὠφέλειαι.

345 3499 370 3564 οἱ
394 3499 466 3578 παρ’
492 3497 575 3576 ὑμῶν
599 3496 758 3577 πρέσβεις.

346 3607 359 3672 ό
384 3603 458 3686 παρ’
486 3604 568 3682 ὑμῶν
593 3603 762 3685 ςροοτημός.

344 3715 362 3788 οἱ
387 3711 460 3792 παρ’
485 3710 567 3788 ὑμῶν
590 3709 663 3789 isti
689 3707 768 3774 536.
794 3711 823 3774 1.

343 3817 452 3884 Etiam
476 3816 515 3882 de
540 3816 689 3880 οπεοίίόιω
712 3817 758 3881 sio
781 3815 919 3883 dicitur:
1025 3859 1034 3873 ·

344 3927 369 3990 oi
394 3922 478 4005 ποοροί
504 3945 582 3996 τινος
607 3920 752 4003 Φυγάδες
777 3927 833 3988 aut
856 3924 1040 4003 Φεύγοντες.

343 4031 413 4103 τοὺς
437 4027 588 4111 Φυμόδοος
612 4028 682 4100 τοὺς
708 4027 781 4108 παρ’
806 4027 914 4096 ἑωυτοῦ
939 4028 992 4094 80.
1021 4029 1075 4096 12.

345 4137 368 4202 οἱ
394 4137 467 4216 περ’
493 4134 603 4200 ἐκείνου
626 4133 799 4217 Φεύγοντες
825 4132 876 4200 61.
904 4133 957 4201 26.

343 4241 519 4327 Xenophon
546 4241 653 4328 θροορ.
677 4239 735 4306 Vl.
762 4239 793 4305 3.
821 4239 871 4305 11.
898 4242 1008 4324 φνγόις
1033 4246 1107 4321 περ’
1133 4242 1226 4320 ὑμῶν.

343 4347 495 4414 Isocrates
517 4367 591 4434 pag.
616 4344 671 4411 94.
683 4363 716 4410 Δ.
741 4347 851 4426 Φνγὼν
876 4346 951 4430 περ’
978 4349 1071 4427 ὑμῶν.

341 4451 571 4525 Demosthenes
593 4448 668 4517 593.
694 4449 724 4516 9.
749 4451 784 4516 τό
809 4455 882 4533 περ’
909 4453 991 4533 ὑμῶν
1016 4451 1124 4527 οίδίιιως
1154 4454 1305 4521 ἐκπεσεῖν.
