3348 5086
892 352 956 420 382

329 545 558 634 pervulgatum
587 547 698 612 mendi
728 565 830 634 genus
852 549 900 610 est
924 564 980 630 pro
1003 545 1047 616 είο
1066 545 1198 625 Ἔρεβος
1221 542 1361 625 Τρέψοο.
1407 543 1527 609 Fidem

327 651 423 717 faciet
445 652 534 718 locus
556 677 592 729 μ.
618 649 672 717 81.

554 759 626 840 πρὸς
651 757 743 840 ζόφον
768 760 811 830 είς
832 757 963 838 Ἔρεβος
986 757 1250 835 ΤΕΤΡαριροένον.

375 863 565 950 Saepissime
596 867 631 930 in
660 863 797 936 Homeri
826 863 919 930 libris
948 866 1062 944 τρέψαι
1093 871 1126 930 et
1155 862 1267 946 τρέψαι
1287 865 1372 929 inter
1396 883 1429 928 se
1452 883 1529 928 oon-

328 971 515 1037 funduntur.
593 1025 596 1031 .

373 1075 462 1142 Iliad.
491 1087 529 1142 Δ.
558 1076 634 1144 520.
660 1077 778 1159 τρέψον
803 1116 844 1126 -
869 1079 998 1160 τρέψαι.

373 1192 420 1249 Μ.
446 1182 523 1249 249.
547 1183 718 1265 οίποτρέψει
743 1222 785 1233 -
809 1185 989 1265 ἀποτρέψει.

376 1301 415 1356 Σ.
442 1287 518 1356 469.
544 1289 655 1372 ἔτρεψε
679 1329 722 1341 -
746 1289 866 1370 ἔτρεψε.

376 1396 453 1463 544.
478 1398 648 1480 τρέψαντες
674 1435 715 1446 -
739 1397 920 1478 τρέψαντες.

377 1501 453 1569 546.
477 1503 653 1586 epicenon
678 1540 719 1551 —
744 1503 927 1585 τρέψασκον.

375 1620 412 1675 Τ.
438 1608 514 1675 256.
540 1610 726 1694 ἀποτρέψεις
751 1649 793 1660 -
818 1610 1015 1693 οίτοτρέψειο.

377 1724 414 1781 Φ.
440 1714 518 1786 603.
540 1718 659 1800 τρέψας
684 1755 726 1766 -
750 1717 882 1800 τρέψας.

375 1823 543 1909 Nusqunm
574 1827 609 1890 in
638 1825 689 1889 his
720 1825 816 1890 dubie
847 1829 879 1890 et
902 1843 1015 1909 anceps
1040 1825 1127 1909 optio
1150 1829 1217 1901 est,
1240 1821 1295 1888 sed
1317 1827 1469 1908 peccetur
1489 1823 1529 1886 in

330 1929 423 1995 nino.
449 1940 490 1995 Ψ.
515 1930 593 1996 436.

511 2039 555 2115 μη
580 2061 645 2108 πως
671 2037 877 2118 συγκύρσειαν
901 2037 955 2118 ὁδῷ
981 2035 1023 2102 ένι
1046 2034 1188 2117 μώνυχες
1212 2033 1314 2120 ίπποι,

515 2144 638 2225 δίφρους
663 2145 692 2207 τ’
717 2143 936 2224 οίνςτρέψειαν.

329 2269 392 2314 non
421 2251 480 2315 boc
507 2249 675 2316 Menelaus
705 2252 883 2327 metuebat,
918 2249 972 2315 sed
1002 2271 1042 2315 ne
1073 2271 1183 2315 currus
1207 2255 1387 2333 everterent,
1412 2251 1524 2328 μηπυς

331 2355 545 2435 οίνΤρέψειαν,
570 2356 654 2441 quod
677 2355 717 2420 eb
741 2355 887 2421 Ernestio
908 2361 1070 2442 repertum
1096 2355 1217 2420 dudum
1239 2361 1404 2440 receptum
1435 2375 1527 2441 opor-

331 2466 445 2526 tuerat.
492 2461 689 2547 Perpetuum
720 2467 768 2527 est
797 2465 830 2526 in
859 2483 896 2528 ee
918 2483 952 2527 re
975 2463 1111 2528 verbum
1133 2460 1314 2540 ἀνατρέπειν
1339 2465 1372 2526 et
1396 2465 1524 2548 proprie

333 2567 513 2645 ἀνατρέπειν
545 2569 601 2642 την
630 2565 805 2648 τροίτεζαν,
838 2572 870 2632 et
900 2566 1036 2656 figurate
1067 2566 1260 2649 οίνατέτροΦε
1283 2569 1337 2642 τὴν
1360 2569 1520 2648 πατρίδα,

332 2676 386 2748 την
412 2674 518 2751 πόλιν,
541 2675 596 2748 την
619 2673 778 2739 πολιτείαν
801 2679 834 2738 ot
856 2673 988 2738 similis.

864 2852 978 2918 LXVI.

701 3007 888 3080 Ἀπειλητην
914 3044 955 3053 -
982 3005 1153 3085 Δορπήτην.

377 3158 634 3246 Reprehenditur
663 3177 904 3242 nonnumquam
937 3158 977 3222 eb
1012 3157 1194 3224 Aristarcho
1228 3157 1406 3225 Zenodotus
1441 3159 1526 3245 quod

331 3265 474 3332 Homero
503 3285 559 3350 pro
590 3262 704 3329 Ionicis
735 3263 866 3329 Doricae
888 3262 1006 3328 formes
1030 3263 1184 3340 obtrusit,
1205 3271 1243 3330 ut
1264 3263 1356 3331 Iliud.
1383 3274 1423 3330 A.
1450 3262 1525 3330 198.

333 3373 364 3460 (ἡ
395 3371 488 3445 διπλῆ
521 3369 753 3456 περιεςιγμένη)
789 3364 835 3433 ὅτι
872 3367 1034 3442 Ζηνόδοτος
1065 3369 1185 3450 γροίφει
1215 3371 1340 3451 σ’ρῆτο.
1375 3377 1464 3436 τοῦτο
1493 3369 1525 3435 δέ

333 3480 453 3562 ᾼώριον.
503 3476 585 3542 Sunt
616 3481 724 3542 temen
754 3478 937 3542 etiamnunc
968 3476 1052 3560 opud
1084 3481 1212 3561 pottem
1235 3475 1355 3542 fonnee
1378 3475 1522 3542 Doricae.

332 3582 445 3671 Odyss.
477 3597 506 3648 λ.
542 3580 615 3647 313.
649 3583 821 3657 οίπειλητην
852 3590 883 3646 et
915 3605 938 3646 ο.
971 3580 1046 3646 302.
1072 3581 1230 3660 δορπήτην.
1276 3581 1466 3648 Rectissime
1489 3583 1524 3646 in

332 3690 440 3758 verbis
464 3695 520 3763 τῆς
544 3688 687 3768 δευτέρας
712 3685 862 3767 συζυγίας
889 3688 1040 3753 scribitur
1062 3689 1214 3766 αὖδήτην,
1238 3689 1392 3764 συλήτην,
1418 3711 1522 3752 συναν·

333 3797 443 3880 τήτην,
468 3796 636 3876 φοιτήτην,
662 3795 718 3861 sed
741 3797 883 3859 ἀπειλεῖν
907 3799 940 3859 et
961 3793 1078 3874 δορπείν
1103 3794 1262 3860 habebunt
1281 3796 1474 3869 οίπειλΕίτην
1492 3801 1525 3859 et

334 3902 524 3982 δορπείτην,
550 3901 634 3987 quod
659 3901 884 3988 reponendum.

863 4078 996 4146 LXVII.

639 4231 878 4297 'ANecxeee
904 4269 946 4280 —-
970 4239 1213 4297 ANecxeTO.

378 4383 428 4449 Ad
452 4383 544 4450 iliud.
569 4393 606 4450 K.
631 4382 706 4449 321.

432 4489 506 4554 ἀλλ’
528 4487 591 4569 ἄγε
614 4515 666 4569 μοι
690 4495 725 4555 τί
749 4497 900 4570 σκῆπτρον
925 4490 1079 4572 οίνοίσχεΟ
1106 4491 1161 4556 καί
1184 4513 1235 4568 μοι
1259 4487 1397 4568 ίμοσσον.
