3356 5084
889 349 954 418 1100

321 533 418 602 Solon
439 535 474 601 in
496 537 633 604 ferendis
653 540 745 607 novis
767 539 895 630 legibus
917 539 1021 608 voluit
1045 540 1225 608 observari:
1249 541 1355 605 ταῦτα
1378 541 1455 605 sunt
1477 561 1514 604 99

322 664 398 728 quae
427 642 570 722 91919999,
604 665 740 730 qnorum
771 645 855 712 nibil
885 649 1014 714 omnino
1038 647 1188 734 Leptines
1211 647 1321 713 1991999
1344 647 1513 734 arguitur:

322 755 354 812 at
384 771 438 814 999
463 750 594 835 (inquit)
608 752 745 838 ferinus
766 753 973 820 1999999919.
1021 754 1189 821 Praeterea
1213 752 1283 820 dele
1305 773 1421 820 nomen
1443 771 1516 838 pro·

322 855 430 940 prium
454 856 610 932 ΛεππΙνης
634 855 737 924 911999
759 858 832 925 sede
853 857 1053 928 9911999199.

369 1062 449 1151 Peg.
482 1063 560 1131 489.
596 1065 648 1132 10.
680 1068 734 1133 οῦκ
765 1066 847 1148 έξεςι
878 1068 965 1150 παρά
995 1079 1059 1144 τοῖς
1089 1067 1344 1148 Λακεδαιμονίοις
1378 1068 1422 1134 τά
1456 1073 1515 1132 τῶν

323 1169 490 1246 'Ainesios
520 1172 655 1240 ἐπαινεῖν
686 1172 804 1254 νόμιμα
819 1213 878 1260 -,
910 1175 989 1242 άλλ’
1020 1167 1105 1258 iani
1129 1174 1203 1258 παρ’
1227 1175 1346 1250 έκεῖνοις
1371 1173 1516 1257 πολιτεῖρ

325 1277 476 1359 συμφέρει
499 1278 594 1345 ταῦτ’
619 1281 754 1348 ἐπαινεῖν
778 1281 901 1362 άνάγκη
926 1281 979 1348 aa>
1003 1289 1107 1348 ποιεῖν.
1143 1281 1277 1348 Prorsus
1300 1280 1443 1349 alienum
1467 1283 1517 1345 est

325 1402 344 1450 a
374 1382 438 1449 1991
465 1388 621 1453 sententia
644 1387 697 1453 καὶ
722 1395 828 1455 ποιεῖν.
874 1387 946 1455 Η99
969 1388 1098 1474 quidem
1123 1391 1234 1474 opinor
1255 1388 1415 1454 habebant
1436 1388 1516 1452 eiri-

326 1491 409 1553 tetee
431 1510 557 1571 omnes,
582 1498 620 1559 91
641 1495 728 1561 cives
751 1499 939 1583 cogerentur
961 1503 1057 1561 ποιεῖν
1079 1489 1102 1559 ά
1125 1503 1164 1576 τῇ
1188 1494 1330 1578 πολιτεῖρ
1350 1489 1516 1574 συμφέρει.

327 1590 440 1661 Omnis
474 1603 556 1664 99991
590 1605 712 1666 remota
745 1600 893 1667 molestia
925 1603 952 1666 si
987 1600 1148 1690 legeretur
1180 1603 1272 1666 ταῦτ’
1302 1601 1427 1677 άνάγκη
1460 1597 1515 1663 sai

325 1699 556 1770 ἘΠΑΙΝΕΙΝ.
603 1705 728 1792 Nempe
757 1707 817 1773 boo
847 1711 942 1796 urget
972 1704 1086 1774 Orator
1114 1729 1187 1772 9999
1215 1729 1354 1794 queamus
1383 1703 1519 1770 91911999

325 1805 466 1875 instituta
488 1817 517 1876 et
539 1813 615 1894 19999
637 1813 762 1878 laudare
783 1821 932 1898 99911919,
955 1835 1015 1878 aon
1039 1814 1141 1880 911999
1164 1815 1314 1879 extollam
1360 1811 1398 1878 In
1421 1831 1459 1877 ea
1482 1831 1518 1876 19

325 1914 424 1979 911919
453 1919 509 2002 qui
539 1919 776 1985 mentiebantur
807 1920 847 1986 ad
869 1923 1025 1986 maiorem
1048 1923 1169 2007 patriae
1191 1919 1329 2008 gloriam
1351 1917 1518 2005 paratissi-

326 2040 415 2086 mam
448 2025 575 2090 veniam
609 2027 824 2111 impetrabant
859 2032 891 2092 et
923 2024 1136 2095 laudabantur
1170 2028 1287 2112 potins.
1333 2024 1419 2090 Audi
1454 2022 1517 2090 De·

324 2127 524 2194 mosthenem
555 2133 753 2215 apertissime
783 2133 817 2199 id
848 2132 1050 2201 confitentem
1082 2153 1157 2221 pag.
1193 2130 1270 2198 493.
1306 2128 1337 2197 7.
1368 2131 1438 2204 τοῦς
1472 2129 1517 2194 τά

326 2238 459 2300 τοιαῦτα
487 2235 640 2314 λέγοντας
672 2237 925 2319 παραδείγματά
956 2242 995 2313 ὥς
1028 2239 1076 2323 ἄρ’
1109 2236 1373 2324 extrematurae
1405 2234 1515 2324 wstn')

325 2339 460 2418 μεγάλα
485 2337 518 2407 εὖ
542 2340 690 2416 παθόντες
714 2343 806 2410 οὐδέν’
829 2346 981 2423 ἐτίμησαν
998 2384 1041 2395 -
1059 2343 1265 2418 άτοιιῦεῦτοιις
1290 2344 1407 2423 ἡγεῖσθ’
1437 2337 1516 2408 εἶναι

326 2444 461 2514 -διέτι
497 2449 784 2532 ἐκεῖνοιάγνοοῦσιν
816 2447 875 2530 ὅτι,
907 2455 941 2519 si
973 2452 1021 2519 τά
1053 2451 1220 2531 μάλιςα
1249 2451 1361 2516 ταῦθ’
1392 2446 1514 2522 οῦτιος

326 2548 463 2635 εἶχεν,
495 2555 647 2637 άρνεῖσῦαι
670 2559 794 2636 μάλλον
816 2557 833 2633 ἢ
858 2557 963 2637 λέγειν
986 2560 1090 2632 αὐτοῖς
1113 2563 1270 2640 προσῆκεν.

370 2765 450 2854 Peg.
474 2763 550 2831 490.
570 2764 626 2832 21.
646 2767 671 2832 ε1
692 2765 745 2831 aa>
765 2766 851 2833 κατὰ
874 2767 948 2855 [τὸν]
970 2769 1120 2848 λογισμὸν
1139 2767 1241 2833 ἐκεῖνον
1259 2765 1372 2848 Φανεῖη
1384 2764 1513 2844 βελτένι.

326 2869 402 2937 Sine
431 2871 567 2938 artioulo
598 2871 745 2939 (licebant
776 2873 862 2940 κατὰ
893 2872 1044 2954 λογισμόν
1075 2879 1108 2941 91
1132 2873 1165 2939 έιι
1188 2877 1355 2952 λογισμοῦ,
1379 2877 1418 2938 91
1440 2892 1511 2960 pag.

327 2974 404 3045 780.
425 2975 457 3044 2.
482 2978 536 3053 τὴν
559 2977 593 3042 έιι
616 2984 768 3058 λογισμοῦ
791 2982 959 3060 σωτηρίαν,
984 2979 1222 3048 919111919919.

370 3186 451 3276 Peg.
485 3185 562 3254 491.
593 3188 622 3254 1.
655 3188 707 3256 sal
739 3192 813 3271 παρ’
845 3191 918 3271 ἡμῖν
949 3189 999 3258 έπ1
1029 3196 1087 3257 τῶν
1117 3188 1268 3272 προγόνων
1297 3189 1391 3255 πάλλ’
1414 3186 1513 3267 άγάέ’

325 3293 519 3374 εἰργασμένοι
551 3294 629 3368 τινὲς
661 3295 775 3370 οὐδενὸς
808 3295 942 3375 ἠξιοῦντο
973 3297 1124 3373 τοιοῦτον,
1149 3296 1223 3362 άλλ’
1246 3297 1421 3375 άγαπητῖις
1445 3294 1511 3360 rm·

323 3398 514 3481 γράμματος
538 3403 570 3467 έν
592 3407 655 3474 τοῖο
678 3405 810 3482 Ἑρμαῖς
834 3400 944 3484 ἔτυχον
967 3402 1019 3470 sal
1043 3401 1113 3478 ῖσιις
1138 3403 1218 3468 τοῦθ’
1242 3403 1314 3481 ὑμῖν
1336 3399 1512 3480 άνοογνάοε-

323 3530 377 3574 ποοι
401 3507 436 3572 τὸ
461 3505 663 3589 ἐπίγραμμα.
709 3507 857 3575 Postulat
879 3512 927 3576 rei
948 3515 1062 3576 natura
1082 3507 1241 3595 pluralem
1264 3528 1437 3574 numerum
1458 3506 1510 3572 991

323 3613 394 3687 ἴσως
425 3615 555 3679 ΤΑΤΘ’
589 3615 658 3694 ὑμῖν
689 3614 904 3694 άναγνώσεται
939 3614 1233 3699 τάπιγράμμοοΤΑ.
1278 3613 1457 3703 Vulgetsm
1484 3615 1512 3680 si

322 3719 531 3786 retinebimus
561 3720 723 3787 ridebitur
755 3719 785 3785 έν
814 3729 876 3796 τοῖς
907 3725 1036 3804 Ἑρμαῖς
1068 3743 1169 3788 unum
1200 3726 1295 3808 atque
1327 3719 1415 3787 idem
1447 3721 1511 3806 epi-

322 3846 471 3915 91919919
492 3825 637 3913 pluribus
660 3846 829 3893 commune
852 3830 1043 3916 inscriptum
1066 3828 1181 3906 fuisse,
1206 3826 1290 3913 quod
1313 3847 1425 3894 verum
1449 3846 1510 3891 non

324 3952 391 3998 esse
426 3937 557 3998 eonstst.
607 3931 731 4020 Nempe
765 3933 848 4018 quod
883 3933 1112 4001 Demosthenes
1146 3933 1314 4019 Leptinem
1348 3931 1509 3997 faetnrnm

324 4060 391 4106 esse
410 4040 589 4125 suspicetur
606 4038 777 4104 Aeschines
796 4041 831 4104 in
854 4039 1061 4124 Cteupboatea
1080 4039 1175 4117 feeit,
1196 4041 1252 4124 qui
1271 4039 1333 4104 1119
1351 4039 1509 4126 epigram·

322 4149 412 4210 mate
435 4145 466 4209 iv
488 4151 551 4217 τοῖς
575 4146 705 4225 Ἑρμαῖς
729 4145 829 4212 199199
851 4145 1011 4212 iudicibus
1031 4147 1189 4212 recitavit.

368 4353 447 4442 Peg.
480 4351 557 4422 491.
590 4353 622 4420 8.
656 4356 681 4422 si
711 4355 769 4434 μὲν
799 4354 863 4436 γάρ
895 4356 1038 4436 άναξῖονς
1064 4353 1143 4425 εἶναι’
1165 4381 1211 4431 τις
1235 4355 1329 4440 Φάσει
1353 4355 1508 4428 νοάιιεῖνσνς

321 4459 489 4540 espessa,
520 4462 568 4535 τῖς
601 4456 685 4539 ἄξιος
717 4459 853 4550 εἰπάτω,
880 4463 920 4551 [et
940 4464 1022 4543 μήτε
1044 4470 1104 4531 σῦν
1126 4463 1273 4547 τροτέροιν
1296 4461 1404 4544 μηδεὶς
1428 4461 1507 4544 μήτε
