3348 5086
722 365 788 435 403

155 563 210 625 tur
243 563 275 624 et
307 579 361 621 ενο
390 555 460 623 loco
490 557 587 643 positi
613 560 646 622 et
668 577 744 622 cum
768 561 815 623 rei
836 561 952 623 natura
974 557 1103 623 omnino
1130 560 1347 645 congruentes.

155 663 193 728 In
216 665 349 730 caeteris
371 661 449 729 locis
473 668 578 730 neseio
598 664 675 748 qnid
697 668 798 731 eoacti
817 665 936 730 habeut
954 669 986 729 et
1004 665 1239 749 intempestivi,
1258 681 1348 747 prae·

155 773 266 837 sertim
289 773 324 834 in
348 768 397 835 Od
435 795 465 834 οι.
493 772 550 836 ubi
574 772 703 835 σοιτοαῖι
725 774 831 836 nescio
855 773 942 856 quis:

291 875 381 939 ἀλλά
405 877 443 941 σύ
467 881 500 956 γ’
525 877 706 942 εἰσελθοῦσα
729 879 771 942 τά
796 883 825 942 τ’
849 879 947 952 αὐτῆς
967 876 1059 958 sepa
1082 875 1199 960 κθμιζ.

154 987 187 1048 et
209 1003 257 1049 rs.
284 979 362 1046 360.

292 1089 309 1162 ή
333 1087 390 1164 μὲν
414 1085 610 1164 θαμβήσασα
635 1085 731 1153 τάλιν
756 1087 992 1166 θάλαμθνδε
1015 1090 1162 1168 βεβήκει.

153 1213 210 1280 pro
240 1193 340 1260 τάλιν
370 1189 495 1259 saisias
526 1193 675 1272 βεβήκει,
706 1198 870 1280 quoniam,
896 1201 933 1260 ut
956 1199 1020 1279 ait,
1044 1197 1173 1276 ληρῶδες
1197 1195 1267 1261 οἴκοι
1291 1197 1347 1271 τήν

153 1300 334 1376 Πηνελόπην
363 1295 456 1365 ούσαν
491 1301 737 1380 προστάσσεσθαι
775 1299 878 1366 οῖκαδε
913 1301 1077 1379 ἀπελθεῖν,
1112 1302 1197 1388 quod
1229 1302 1347 1390 frigide

154 1407 299 1473 confutat
322 1405 438 1491 aliquis
464 1407 502 1472 de
525 1427 582 1473 sno
607 1411 807 1472 commentus
830 1411 869 1480 ὡς
892 1409 1029 1488 Ὅμηρος
1055 1409 1106 1472 τὸν
1137 1403 1242 1472 οἶκον
1271 1407 1347 1473 ποτὲ

153 1520 283 1594 μερικῶς
315 1513 478 1591 λαμβάνει
510 1513 560 1578 ε’πὶ
589 1517 643 1579 τοῦ
668 1511 809 1594 ἀνδρῶνος
834 1513 851 1588 ή
875 1519 930 1587 τής
954 1511 1209 1591 γυναικωνῖτιδος.
1245 1512 1349 1579 Veris-

153 1623 236 1686 sime
268 1619 352 1684 dixit
381 1617 495 1686 Strabo
527 1620 647 1686 alicubi
678 1622 703 1684 oi
731 1620 949 1700 γραμματικοὶ
974 1621 1200 1699 εύρεσιλογοῦσι
1222 1621 1346 1697 μᾶλλον

155 1727 173 1802 ii
199 1727 307 1791 λύουσι
331 1725 373 1790 τά
396 1725 580 1807 ζητούμενα.
628 1724 711 1806 Quid
736 1723 957 1792 Aristarchus?
981 1727 1087 1792 ἀθετεῖ
1104 1724 1227 1803 ἀμεινον
1247 1723 1347 1804 λέγων

154 1833 268 1904 αὐτοὺς
294 1828 379 1913 ἔχειν
402 1833 434 1896 ἐν
456 1832 565 1898 Ἰλιάδι
589 1832 642 1897 καὶ
668 1834 698 1897 ἒν
722 1842 760 1914 τῇ
784 1831 891 1916 τοξεθρι
914 1839 972 1897 τῶν
996 1833 1103 1914 ήρύυν.
1139 1832 1245 1914 Quam
1264 1829 1347 1896 nihil

152 1941 201 2004 sie
223 1937 370 2025 proficias
392 1938 500 2023 palam
523 1944 579 2004 est.

203 2046 331 2110 Addam
355 2044 456 2110 elium
480 2043 588 2111 iocum
612 2049 644 2110 et
666 2045 862 2130 exemplum.
897 2045 1029 2111 Duobus
1051 2047 1086 2110 in
1110 2042 1251 2132 Odyssea
1271 2041 1350 2108 loeis

153 2177 189 2230 γ.
217 2154 256 2216 71
284 2156 317 2216 et
340 2175 361 2216 ι.
388 2149 467 2215 252.
493 2150 646 2238 leguntur
669 2150 704 2215 hi
725 2150 934 2236 pulcherrimi
956 2169 1081 2216 versus:

292 2254 314 2322 ὦ
339 2254 448 2333 ξεῖνοι,
474 2256 553 2327 τίνες
577 2256 657 2339 ists
672 2256 761 2322 πθθεν
785 2257 888 2354 πλεῖθ’
915 2258 994 2338 cysa
1019 2258 1164 2336 κέλευθα;

294 2357 313 2437 ἦ
335 2386 365 2428 τι
391 2363 476 2426 κατά
501 2363 606 2442 πρήξιν
632 2358 826 2443 §pacsano
852 2365 1012 2438 ἀλάλησθε

296 2465 345 2534 ota
368 2494 404 2534 τε
428 2473 567 2548 ληϊςήρες
594 2469 679 2549 ὑπεὶρ
705 2467 772 2535 ἀλα
779 2490 788 2548 ;
813 2470 863 2534 τού
884 2471 915 2534 τ’
939 2469 1091 2536 ἀλθυνται

293 2575 406 2654 ψυχάς
430 2574 610 2654 παρθέμενοι
635 2577 729 2641 κακὸν
751 2577 957 2641 ἀλλοδαποῖσι
981 2575 1141 2657 φέροντεςς

203 2681 407 2748 Dissentiunt
427 2683 465 2746 de
485 2682 589 2747 tribus
607 2681 734 2746 ultimis
753 2685 897 2748 versibus
916 2684 1143 2768 Aristophanes
1162 2685 1194 2745 et
1213 2681 1349 2746 Aristar-

154 2789 241 2856 chus.
290 2785 460 2853 Retinebat
491 2807 543 2852 eos
572 2787 798 2873 Aristophanes
824 2791 859 2853 in
888 2791 983 2854 tertio
1014 2788 1114 2862 libro,
1146 2787 1349 2874 expungebat

155 2897 190 2960 in
213 2914 314 2968 nono,
338 2893 540 2958 Aristarchus
564 2899 682 2957 contra.
720 2891 802 2958 Sunt
824 2896 859 2958 in
882 2903 1016 2979 utroque
1039 2894 1108 2961 loeo
1128 2893 1350 2980 difficultates,

157 3021 235 3086 quas
256 2998 460 3065 Aristarchus
480 2997 607 3064 elevans
628 2999 726 3064 δοτέον
746 2999 795 3074 δέ,
815 3003 938 3084 inquit,
959 3002 1000 3080 τῷ
1020 3009 1129 3082 ποιητῇ
1148 3001 1191 3064 τά
1203 3003 1349 3084 τοιαῦτα,

157 3110 191 3172 in
221 3105 294 3172 aliis
326 3107 466 3171 severior
493 3110 525 3170 et
547 3104 631 3170 nihil
653 3108 765 3171 veniae
789 3105 915 3170 habens.
966 3104 1057 3185 Quod
1080 3105 1119 3172 de
1141 3106 1351 3191 praedonibus

157 3212 235 3280 dicit
257 3210 393 3298 Cyclops
412 3211 459 3276 σοι’
479 3210 507 3273 τ’
531 3210 683 3276 ἀλθωνται
707 3212 818 3292 ψυχάς
844 3211 1049 3290 παρθέμενοι,
1072 3211 1105 3276 id
1129 3217 1177 3277 est
1200 3211 1348 3292 παραβα·

158 3319 279 3397 λύμενοι
308 3319 360 3382 καὶ
385 3315 602 3388 κινδυνεύοντες
628 3318 694 3396 περὶ
720 3325 775 3391 τής
800 3322 929 3398 ψυχῆς,
952 3337 1015 3382 non
1038 3316 1076 3382 dc
1100 3316 1178 3382 belli
1200 3317 1350 3403 periculis

160 3425 382 3511 accipiendum
412 3424 467 3488 sed
497 3423 536 3488 de
566 3422 738 3509 supplicio,
766 3444 829 3509 quo
849 3427 935 3509 eapti
958 3422 1191 3500 afficiebantur,
1215 3423 1270 3488 sed
1292 3445 1351 3487 un·

160 3533 274 3597 denam
294 3532 428 3596 huiusce
445 3532 493 3594 rei
513 3528 714 3615 Polyphemo
734 3527 870 3595 notitia?
894 3529 980 3596 Mihi
999 3529 1129 3614 quidem
1150 3530 1262 3593 eximii
1283 3549 1352 3594 ver·

160 3659 212 3703 sus
245 3658 347 3722 neque
370 3635 521 3702 hocloco
544 3657 646 3720 neque
668 3634 725 3701 illo
748 3637 815 3700 noti
838 3635 1004 3712 videntur,
1032 3635 1087 3700 sed
1111 3656 1149 3700 ex
1173 3635 1350 3718 antiquiore

161 3745 299 3810 carmine
322 3745 423 3807 sumti
445 3763 501 3827 per
523 3743 739 3808 imitationem
761 3747 793 3807 et
813 3742 876 3807 huc
896 3748 928 3807 et
947 3741 1026 3806 illuc
1044 3760 1106 3806 non
1125 3743 1193 3805 sine
1212 3740 1350 3824 quadam

161 3848 309 3916 molestia
332 3847 487 3914 translati.

204 3957 303 4022 Plura
325 3974 389 4020 nou
413 3954 506 4039 eddo,
531 3958 606 4040 quia
628 3954 707 4020 talia
729 3957 838 4020 omnia
861 3956 972 4020 sentiri
997 3957 1126 4040 possunt
1149 3952 1204 4018 sed
1223 3953 1350 4019 demon·

161 4065 255 4128 strari
286 4081 350 4127 non
380 4066 512 4146 possunt
542 4067 574 4126 et
603 4060 677 4127 nolo
700 4062 802 4127 videri
826 4060 912 4125 ultra
935 4060 1079 4148 Lycurgi
1102 4064 1240 4125 aetatem
1263 4059 1350 4125 inda

161 4168 265 4257 gando
288 4167 456 4254 procedere
478 4165 571 4234 velle.
