3308 5090
861 318 925 399 156

300 511 384 602 opud
415 515 574 601 sequiores
604 515 698 601 plane
728 518 762 580 in
786 515 1027 583 desuetudinem
1051 515 1147 591 abiit,
1173 515 1228 598 qui
1251 507 1433 588 ἐονννσοίμνν
1457 507 1498 574 et

300 624 426 708 saepius
449 620 611 700 ὠνησάμην
634 623 668 685 in
690 620 780 686 iilius
802 620 911 688 locum
929 622 1174 687 substituerunt.
1209 619 1320 704 Itaque
1339 617 1498 700 antiquae

301 728 422 794 formae
443 730 477 792 in
500 747 618 815 magno
648 747 773 812 sempor
802 727 943 813 periculo
966 732 1143 794 vorsantur.
1189 725 1340 806 Πρίασόοιι
1364 728 1399 788 in
1422 746 1497 804 πρι-

300 836 394 900 cetae
426 836 658 920 corrumpitur,
689 840 727 899 ut
755 836 912 915 κιρνῖοσόοοι
939 838 973 900 et
995 834 1161 914 κίχρασθαι
1185 838 1218 898 ot
1241 828 1362 896 similia
1383 829 1495 916 plura.

301 939 423 1007 Eodem
444 940 540 1006 modo
563 941 705 1021 ἐπρίαντο
728 942 762 1005 in
784 942 925 1020 ἐπριῶντο
946 941 1064 1007 ebibet.
1096 936 1236 1005 Libanus
1259 935 1314 1002 lv.
1334 934 1410 1002 230.
1433 934 1494 1000 10.

302 1047 335 1113 τί
357 1042 406 1113 οὖν
429 1053 525 1131 ποιεῖς
555 1046 711 1128 χρήματα
742 1047 849 1112 πολλοὶ
874 1043 954 1129 ἔχων
976 1052 1150 1112 συνευνεῖτο
1174 1053 1268 1122 σῖτον,
1290 1079 1333 1091 -
1357 1042 1409 1108 καί
1433 1042 1495 1107 οὐκ

302 1149 335 1228 ἦν
360 1189 401 1202 -
425 1152 513 1233 ἑτέριρ
537 1153 753 1234 πριῖοσόοιι.
778 1158 810 1218 et
830 1158 903 1238 poet
921 1170 1038 1240 pauca:
1062 1151 1224 1234 τρέχοντες
1245 1151 1434 1233 ἐπριῶντο
1454 1151 1494 1216 τό

302 1257 485 1339 Φαινόμενον
508 1262 582 1324 πῖον.
614 1257 669 1324 ΠΙ.
695 1257 774 1324 212.
801 1259 832 1324 1.
863 1258 929 1324 ἐπεί
956 1261 1001 1338 μὴ
1025 1258 1224 1339 πριῐιοόοοί
1247 1281 1285 1335 γε
1310 1254 1380 1332 ἐξῆν
1403 1255 1496 1320 ποόέν

301 1364 354 1429 τόν
377 1363 478 1443 Γύγου
503 1364 677 1430 δακτύλιον.
711 1361 795 1429 Sunt
816 1364 877 1430 hee
900 1365 1076 1432 scribarum
1094 1364 1210 1431 sordes.
1240 1363 1369 1451 Integre
1387 1365 1495 1428 evasit

303 1470 432 1536 Iribanii
454 1491 570 1538 monus
592 1469 633 1536 11.
658 1469 734 1536 262.
760 1470 848 1537 πόόεν
871 1467 920 1538 οὖν
945 1468 1046 1536 ἔλαιον
1069 1475 1210 1537 τοσοῦτον
1233 1470 1429 1552 πρίωμαις

704 1711 856 1794 Ἀγεόρειν
882 1749 923 1761 -
947 1711 1084 1793 ἐγείρειν.

350 1893 541 1962 Scribuntur
563 1881 597 1958 in¹
620 1891 712 1960 libris
735 1895 967 1980 antiquioribus
990 1919 1036 1973 ονγ
1051 1931 1092 1944 -
1112 1919 1150 1973 εγ
1174 1898 1207 1959 eb
1230 1916 1280 1974 οιχ
1300 1931 1342 1942 -
1364 1915 1406 1973 εχ
1429 1911 1494 1958 uno

304 2023 404 2079 nexu,
436 2004 475 2066 ut
503 1998 604 2065 oeulis
632 2003 706 2064 utre
729 2001 886 2087 scripture
908 2003 951 2066 sit
973 2003 1077 2068 verior
1099 2000 1274 2067 discernere
1295 2020 1358 2065 uon
1380 1999 1493 2085 possis.

305 2106 470 2174 Sententia
493 2105 547 2171 dst
570 2103 692 2190 lucem,
723 2105 778 2170 sed
802 2108 922 2173 scribae
945 2109 1105 2194 quianon
1129 2109 1272 2195 cogitent
1294 2105 1392 2172 stulte
1414 2106 1495 2172 hece

304 2216 438 2280 miseere
461 2210 581 2296 solent,
612 2216 650 2276 ut
678 2212 762 2297 opud
784 2211 956 2280 Liberium
980 2212 1033 2279 IV.
1059 2211 1113 2278 32.
1138 2210 1169 2278 7.
1192 2211 1340 2291 μεγοίνυον
1361 2212 1495 2292 εραπιοὶν

306 2321 493 2401 ἐγείροντες.
526 2313 581 2383 IV.
607 2315 683 2382 543.
711 2316 764 2384 11.
796 2319 951 2393 πολεμίων
983 2317 1181 2399 πανταχόθεν
1208 2317 1412 2400 ἐγειρομένων.
1436 2315 1492 2381 IV.

307 2425 383 2492 550.
410 2423 463 2491 12.
487 2426 519 2488 οὐ
544 2423 736 2503 συμμάχους
761 2425 935 2505 ἐγείρουσιν.
971 2425 1172 2492 Dissentiunt
1193 2426 1269 2492 libri
1293 2425 1331 2490 II.
1358 2422 1436 2490 220.
1459 2421 1491 2489 9.

305 2539 339 2600 et
355 2531 409 2598 IV.
431 2528 486 2596 33.
508 2528 561 2595 19.
586 2530 639 2596 sed
664 2531 742 2615 quid
766 2533 801 2596 in
824 2531 942 2598 talibus
965 2530 1121 2598 librorum
1143 2535 1329 2598 testimonio
1348 2552 1427 2617 opus
1446 2535 1494 2595 est

305 2639 362 2705 ubi
385 2637 464 2704 certi
487 2635 596 2701 mendi
620 2637 778 2724 originem
802 2642 921 2703 certam
945 2635 1177 2725 perspicimus?

578 2871 661 2950 obs.
685 2879 876 2960 ἀγανακτῶ,
897 2881 986 2960 όρςνῶ
1010 2873 1068 2945 οἷον
1090 2897 1130 2947 nr
1153 2897 1219 2948 sm.

351 3059 492 3127 Libanus
513 3057 566 3126 IV.
593 3059 670 3127 424.
702 3061 891 3139 ἀγανακτῶν
921 3062 1020 3134 Ποίοις
1046 3065 1062 3138 ἡ
1088 3061 1177 3134 πόλις
1209 3068 1326 3144 χρῆται
1353 3059 1494 3140 συμβού-

305 3180 369 3241 λοις
393 3203 437 3216 -
462 3165 604 3232 ἐσιώπων.
651 3167 697 3233 Ut
724 3169 767 3232 sit
790 3164 912 3234 Graeca
935 3170 1036 3235 oratio
1061 3172 1219 3255 expuncto
1240 3166 1371 3234 literule
1392 3167 1494 3233 scribe

306 3274 493 3352 οέγοονοοκτῶν
515 3271 609 3346 Οῗοις.
656 3271 848 3360 Saepissime
871 3267 929 3346 rior
953 3278 998 3339 sic
1019 3277 1149 3361 ponitur
1167 3294 1240 3339 cum
1261 3274 1367 3339 verbis
1385 3276 1494 3339 motus

305 3382 406 3447 enimi
425 3377 698 3467 significantibus.
719 3384 757 3444 ut
770 3379 853 3466 epud
866 3379 1036 3446 Libenium
1053 3379 1106 3446 IV.
1123 3377 1197 3444 193.
1217 3378 1273 3453 τὴν
1293 3378 1493 3461 Δεινομοίχκν

305 3484 487 3566 μακαρίζειν
517 3479 575 3551 οἷον
606 3481 747 3563 σ’ίγαλμοο
779 3485 821 3558 είς
852 3490 919 3568 φῶς
944 3487 1077 3564 ἤγαγεν.
1101 3485 1160 3552 HI.
1187 3483 1263 3550 446.
1288 3483 1342 3551 23.
1367 3485 1493 3554 εένοντα

306 3589 354 3675 οἷον
376 3592 475 3674 orpes
500 3591 607 3656 ἑαυτὸν
631 3590 750 3666 ἐνέδνςσε
775 3593 871 3672 κακῷ.
897 3592 922 3657 Ι.
945 3591 1021 3658 516.
1043 3591 1096 3658 10.
1121 3591 1410 3674 θρηνούντων-είς
1429 3589 1494 3656 οἷσιν

307 3697 439 3778 οὶνομίοιν
464 3698 715 3775 ἐμπεπτώκασιν.
740 3697 797 3764 ΠΙ.
822 3695 901 3766 267.
928 3696 959 3763 9.
983 3697 1078 3765 οίεσόε
1102 3699 1172 3772 τοὺς
1196 3699 1336 3780 πατέρας
1360 3697 1431 3777 ὑμῖν
1450 3734 1493 3748 -

306 3805 457 3887 όρνςννίσειν
489 3799 566 3877 οἵους
595 3802 727 3888 ἔφυσαν.
759 3805 784 3870 Ι.
818 3803 894 3870 511.
920 3803 974 3874 17.
1003 3805 1073 3880 τοὺς
1105 3805 1298 3884 τικτομένους
1323 3805 1493 3886 μακαρίους

306 3911 485 3978 ἆτεκοίλουν
509 3912 539 3976 ἐν
562 3907 610 3992 οἵῳ
635 3910 669 3986 bb
692 3910 789 3994 χρόνῳ
813 3911 982 3992 στοιρέντες
1007 3910 1095 3990 ἦλόον
1118 3914 1161 3986 είς
1185 3918 1261 3994 Φῶς.
1297 3911 1340 3978 Et
1363 3914 1409 3976 sic
1428 3931 1495 3977 sex·

307 4020 424 4086 centies
446 4021 568 4086 veteres
591 4015 784 4102 loquuntur,
807 4024 845 4083 ut
868 4017 1054 4104 Euripides:

506 4125 556 4188 τόν
579 4123 685 4206 Φόντα
710 4125 821 4204 όρκνείν
846 4126 887 4198 είς
912 4120 950 4190 οἷ’
974 4122 1102 4206 ἔρχεται
1127 4126 1223 4191 κακοί.

308 4237 340 4300 et
362 4229 544 4297 Herodotus
574 4228 599 4294 1.
632 4228 685 4296 31.
719 4230 754 4296 at
777 4233 918 4312 Ἀργεῖαι
942 4230 1127 4313 ἐμακοίριζον
1151 4233 1206 4309 τὴν
1224 4230 1345 4312 μντέρα
1363 4227 1429 4296 οίυν
1448 4229 1497 4296 τέ-

307 4360 383 4406 κνον
405 4335 549 4414 ἐκίρνσε,
575 4341 607 4401 et
629 4337 674 4400 sic
697 4333 753 4401 elii
775 4338 905 4420 passim.
936 4337 973 4404 In
995 4337 1046 4403 his
1064 4339 1214 4405 omnibus
1234 4332 1290 4410 οίοι
1311 4342 1359 4403 est
1370 4357 1497 4424 prorsus

305 4443 520 4513 necessarium
544 4445 619 4528 quic
641 4461 721 4527 queo
744 4444 815 4530 quis
837 4445 871 4508 in
894 4465 931 4512 ea
949 4446 1162 4514 commotione
1180 4445 1281 4512 enimi
1300 4445 1497 4534 subcogitet
