3356 5086
900 354 965 430 262

385 545 486 618 Beki.
511 564 550 620 Σ.
574 551 651 620 418.
676 552 767 636 ζωῇσι
791 553 916 631 νεηνθοο,
940 552 1026 619 maie
1049 574 1105 638 pro
1129 554 1237 636 ζῳηεο,
1260 551 1426 620 simultis
1454 550 1531 618 aliis

339 657 433 736 locis;
457 680 535 746 quos
553 666 662 746 postea
684 659 793 726 ordine
816 659 963 749 colieotos
984 679 1168 746 proponam.

384 763 544 832 Homerus
567 773 675 832 autem
697 786 754 851 pro
776 786 810 831 re
832 771 907 831 nato
929 766 1046 831 iisdem
1063 769 1166 831 utitur
1186 765 1390 848 resarcirem,
1411 765 1531 851 quibus

340 876 373 935 ot
403 872 526 938 Atticos
555 876 605 938 uti
632 872 789 938 videmus.
836 872 887 938 hd
916 871 1030 959 Odyss.
1061 884 1093 939 B.
1128 873 1205 940 410.
1231 873 1445 956 trierarchos,
1471 875 1530 949 ἤϊον

341 979 522 1057 φερώμεθα,
547 983 732 1045 annotatur:
758 978 994 1058 Κολλθςροντος·

633 1085 722 1150 δεῦτε
745 1085 849 1166 Φθλοο,
874 1083 942 1165 ὄφρ’
967 1082 1008 1166 ᾖον
1031 1085 1204 1166 Φερώμεθον.

341 1189 393 1255 acci
417 1189 463 1260 θςν
484 1199 539 1266 τῆς
562 1189 708 1271 νεωτέροις
732 1191 867 1264 Ἀτθθδος
890 1193 925 1256 τὸ
949 1189 1026 1256 οὕτω
1051 1200 1208 1271 συναιρεῖν.
1244 1192 1355 1278 Neque
1378 1201 1434 1268 τῆς
1459 1217 1531 1257 νεω-

340 1296 431 1377 τέροις
462 1296 598 1369 Ἀτθίδος
630 1297 708 1362 haec
729 1296 833 1362 forms
855 1307 920 1374 est,
944 1318 1020 1362 nam
1041 1297 1246 1365 Pherecrates
1267 1302 1315 1364 its
1337 1299 1420 1365 dixit
1443 1299 1531 1384 apud

340 1401 488 1469 Huststh.
515 1403 556 1469 cd
578 1401 692 1490 Odyss.
715 1423 790 1490 pag.
817 1402 923 1481 1455,
948 1405 1001 1468 42.

568 1511 622 1584 την
646 1509 754 1589 caeti·
778 1510 835 1591 η’(ων
860 1509 1003 1590 κοδχθρων
1025 1511 1229 1589 οεοοογροένος.

342 1618 376 1680 et
397 1615 508 1681 sudem
531 1617 692 1702 synaeresi
715 1635 791 1679 usus
815 1621 863 1680 cst
886 1614 1047 1681 Homerus
1069 1619 1136 1702 ipse
1160 1615 1272 1704 Odyss.
1297 1627 1335 1683 E.
1360 1615 1436 1682 368.

569 1722 607 1792 ὥς
632 1720 658 1784 δ’
681 1717 793 1799 ἄνεμος
819 1720 894 1801 ζοοης
920 1722 977 1803 ((ων
1000 1724 1125 1798 θημῶνα
1147 1722 1267 1806 τονθξη.

389 1826 442 1892 Sic
473 1826 568 1892 modo
599 1826 675 1900 δήϊον
700 1824 821 1906 ἄνδρες,
846 1826 930 1900 δήϊον
953 1827 1067 1909 ἄνδρα,
1092 1829 1174 1902 δηΐου
1198 1827 1420 1906 interstincto,
1445 1826 1532 1903 δήϊον

344 1936 374 2006 ἐς
405 1933 540 2010 πόλεμον
570 1932 651 1996 dixit
680 1931 915 2013 τρισυλλάβως,
947 1933 1041 2000 modo
1068 1955 1123 2019 per
1146 1937 1327 2021 synaeresin
1351 1933 1444 2014 δῷονοο
1469 1934 1533 2011 μθ-

343 2041 476 2120 zearos,
509 2039 601 2119 δηοιον
634 2037 665 2102 δὲ
698 2037 814 2119 χθρμον
843 2037 1004 2117 γενέσθων,
1029 2041 1203 2118 μοθρνοιοθοοο
1228 2039 1339 2121 δηονοο,
1365 2040 1458 2121 diotre
1482 2055 1532 2104 λο-

344 2147 472 2220 ricem,
504 2151 565 2224 γνῶ
594 2146 618 2225 ῥ’
648 2141 760 2225 ἄνδρας
792 2144 895 2227 tricor,
920 2145 995 2227 δῄων
1019 2145 1148 2224 ἀνδρῶν,
1175 2147 1250 2227 δῇων
1273 2147 1303 2210 ἕν
1326 2147 1428 2227 ἀϋτῇ,
1455 2145 1533 2226 δηίων

345 2254 412 2320 κνοδ
445 2256 548 2332 κῦρμοο
572 2249 734 2329 γενέσθαι,
758 2259 872 2331 πρῆεονν
897 2251 928 2316 δὲ
954 2252 1043 2332 πνρδς
1069 2251 1146 2334 δῄων
1170 2252 1312 2336 θθρετροι,
1338 2252 1428 2332 πυρὸς
1453 2252 1533 2333 δηίοιο

345 2361 502 2441 θέρωντοον,
535 2355 589 2420 sed
611 2355 756 2422 Bekkcro
779 2356 901 2441 placuit
924 2356 1045 2433 δηθοοον,
1070 2356 1185 2435 δηὶους,
1212 2357 1318 2435 δηίων,
1344 2357 1433 2433 δηίοιο
1456 2361 1534 2424 scri·

345 2467 418 2532 bere
448 2466 607 2528 incertum
638 2481 700 2546 quo
730 2482 819 2528 mors
850 2469 906 2528 aut
936 2465 1015 2528 iure.
1060 2462 1218 2528 Similiter
1247 2465 1280 2528 in
1311 2464 1408 2531 verbo
1435 2463 1533 2530 modo

344 2571 447 2647 δηϊόων
476 2568 598 2656 legitur
627 2573 659 2632 et
687 2566 840 2643 δηϊόωντο,
871 2570 965 2636 modo
994 2571 1066 2652 δρῶν
1099 2569 1145 2658 (Ρ.
1178 2568 1232 2636 65.
1265 2571 1324 2636 ubi
1346 2573 1531 2636 annotatur:

344 2673 551 2759 stercorarius
574 2711 616 2722 -
641 2674 692 2738 κοοδ
718 2674 773 2738 σὺν
796 2676 838 2756 τῷ
863 2684 876 2740 1
900 2675 1070 2761 νρωπτέον)
1096 2681 1128 2743 et
1148 2676 1283 2758 Ἕκτορος
1304 2676 1457 2758 δηώονοντε
1478 2679 1531 2762 (Χ.

345 2782 448 2868 218.).
485 2779 538 2846 Sic
560 2780 656 2846 modo
679 2781 810 2861 Θρήϊκες
835 2781 1051 2868 appellantur,
1075 2787 1113 2849 ut
1137 2785 1269 2864 Θρήϊκες
1292 2783 1350 2850 οἵδ’
1373 2782 1532 2850 οὶποὶνενθε

341 2889 486 2966 ,νεήλυδες
512 2893 561 2974 (Κ.
587 2886 700 2973 titt),
721 2887 817 2954 modo
840 2889 926 2954 κοιτοδ
949 2892 1118 2971 σννοοίρεονν
1141 2901 1272 2974 Θρῇκες,
1293 2896 1331 2956 ut
1350 2886 1368 2956 θ
1385 2915 1431 2956 τον
1452 2899 1532 2972 Θρῇ-

345 3023 396 3071 κες
421 2995 508 3075 πθρον
531 2993 645 3074 ἄνδρες.

390 3101 513 3166 Omitto
532 3099 652 3165 similis
673 3098 766 3186 plura
785 3104 817 3166 et
835 3101 895 3167 hoc
913 3122 1016 3167 unum
1037 3101 1117 3169 oddo
1135 3099 1356 3168 Aristarchum
1375 3123 1414 3168 ex
1433 3103 1532 3168 huius

344 3212 390 3276 rei
421 3208 637 3273 observatione
667 3205 803 3291 palmari
835 3211 1014 3274 coniectura
1044 3211 1218 3274 restituisse
1247 3209 1353 3275 locum
1385 3219 1423 3274 ss.
1450 3207 1529 3274 202.

342 3317 400 3384 uhi
418 3312 594 3379 zenodotus
612 3332 653 3377 ex
671 3312 762 3378 libris
782 3315 849 3378 suis
871 3314 1011 3380 ediderat
1034 3318 1101 3380 sine
1124 3332 1231 3380 sensu:
1256 3316 1308 3379 κκδ
1331 3315 1528 3380 ΜΗτοθωεθε

342 3421 467 3495 irascor,
497 3423 531 3483 at
559 3419 761 3484 Aristarchus
790 3421 907 3485 inserto
937 3423 1014 3486 θῶτοο
1045 3420 1132 3486 dedit
1159 3420 1276 3486 lucem.
1302 3422 1350 3486 δεῖ
1370 3421 1425 3487 σὺν
1447 3421 1489 3502 τῷ
1515 3429 1528 3483 1

343 3527 495 3613 γράφειν,
519 3527 642 3610 inquii,

683 3629 738 3696 xci
760 3631 806 3696 Μ’
828 3629 1012 3697 ἨΙτνθοοοθε
1036 3628 1155 3704 tuscos

344 3739 468 3808 addidit
488 3739 565 3805 θῶκοι
588 3735 626 3801 de
649 3755 722 3813 suo,
747 3737 832 3823 quod
854 3741 1024 3804 sexcenties
1047 3739 1172 3806 viderat
1194 3741 1300 3805 omitti
1322 3740 1432 3806 solere.
1469 3737 1531 3807 Ita·

344 3868 405 3934 que
428 3865 486 3911 nos
508 3863 632 3929 quoque
655 3843 711 3908 ubi
735 3862 810 3909 sana
832 3847 914 3910 ratio
938 3850 970 3910 et
992 3845 1122 3933 linguae
1140 3843 1330 3912 Homericae
1353 3851 1385 3912 et
1404 3850 1476 3912 Atti

345 3973 421 4020 usus
444 3953 520 4015 θῶκοι
544 3948 689 4014 additum
710 3948 872 4033 postulant
891 3956 996 4036 spreta
1013 3951 1170 4017 librorum
1190 3954 1377 4018 auctoritate
1396 3951 1533 4020 ficulnea

344 4065 377 4126 et
399 4055 566 4137 repetiero
588 4053 687 4118 nullis
711 4059 909 4142 argumentis
928 4056 1045 4122 fultam
1064 4058 1171 4124 uslere
1190 4058 1334 4124 iubentes
1354 4057 1390 4141 νῴ
1407 4067 1440 4125 et
1459 4058 1531 4142 οΦῷ

344 4186 363 4233 a
391 4163 487 4249 longo
517 4160 614 4226 exilio
649 4166 794 4226 revocata
823 4161 923 4228 simui
950 4163 1091 4230 Homero
1121 4169 1154 4230 et
1181 4165 1299 4230 Atticis
1322 4165 1450 4231 tandem
1474 4165 1533 4231 sii-

346 4268 470 4356 quando
492 4266 671 4332 reddemus.

390 4373 502 4440 Restat
531 4374 743 4438 controversis
771 4379 882 4440 utrum
914 4373 1075 4442 Homerus
1098 4378 1184 4460 σφῷν
1207 4396 1263 4461 pro
1284 4379 1386 4460 σφῶϊν
1409 4379 1534 4444 Attico·

345 4501 418 4549 rum
440 4498 529 4544 mors
552 4476 668 4542 dixerit
691 4481 723 4542 in
747 4478 860 4566 Odyss.
886 4489 925 4544 Δ.
952 4479 1006 4547 62.
