3348 5086
869 317 935 392 424

315 519 348 584 et
375 515 498 600 φύομσι
527 521 642 582 natura
672 514 851 600 producunt
881 515 1040 602 primam,
1073 513 1128 579 sed
1150 520 1225 582 noto
1247 535 1310 582 usn
1332 511 1506 599 Epicurum

316 644 408 710 saepe
433 633 489 688 ΔΤ
514 627 546 688 et
570 631 624 687 ΦΥ
649 621 716 686 ictu
741 621 895 688 destituta
918 626 992 685 sunt
1014 639 1072 705 pro
1096 624 1258 706 correptis.
1281 630 1320 688 E.
1346 617 1423 684 140.

407 730 495 795 ἀλλὰ
518 729 603 794 κιττοὶ
626 726 763 806 exonoba
788 727 950 804 δύεται,
974 725 1018 790 τοὶ
1043 725 1068 790 δ’
1094 726 1193 807 ἐρῆμα
1217 727 1381 808 φοβεῖται.

363 845 402 901 0.
426 833 503 899 345.

407 939 477 1006 ἐνέοι
499 938 551 1005 κιο)
575 937 647 1004 ἐνέοι
670 935 824 1019 Φέβοντο,
848 937 988 1004 δύοντο
1011 936 1043 1002 δὲ
1066 945 1172 1018 τεῖχος
1197 939 1332 1020 ἀνάγκη.

360 1045 498 1112 Suberte
526 1049 629 1132 igitur
658 1046 835 1131 suspicione
864 1044 956 1110 facile
988 1044 1095 1110 δύσετο
1129 1045 1334 1131 subrepebat,
1367 1043 1407 1109 de
1443 1062 1505 1128 quc

315 1153 498 1240 ambigebat
519 1171 624 1218 nemo.

362 1360 420 1427 Od.
445 1362 470 1426 ἐ.
497 1357 573 1426 359.

544 1463 582 1540 ὦς
606 1468 711 1533 τειπὼν
733 1465 846 1545 δεσμὸν
869 1465 938 1539 ἀνίοι
962 1463 1051 1542 μένος
1075 1464 1249 1548 Ἡφοιέςοιο.

315 1575 382 1638 imo
405 1591 480 1639 vero
503 1571 621 1651 δεσμῶν
644 1572 737 1647 ἀνίει,
761 1591 824 1656 qno
848 1569 947 1636 simul
970 1575 1112 1636 metrum
1135 1577 1168 1636 'et
1190 1573 1346 1637 sententia
1364 1572 1507 1636 restitui·

316 1684 380 1744 tur.
425 1677 498 1744 Non
521 1681 607 1744 enim
630 1679 752 1744 vincula
775 1678 906 1756 mave,
931 1676 985 1748 ssd
1010 1678 1149 1743 irretitas
1172 1677 1312 1742 bbcrcuit
1332 1676 1476 1742 ον’νιοιιέἰσ.

362 1885 423 1954 Od.
448 1888 476 1954 θ.
503 1886 579 1954 580.

874 1993 1090 2058 ἐπεκλώσαντο
1115 1991 1140 2056 δ’
1162 1989 1278 2073 ὄλεθρον

520 2097 699 2184 ἀνθρώποις,
723 2095 772 2165 inc
799 2096 847 2181 ᾖσι
873 2099 925 2165 xci
953 2097 1155 2176 ἐσσομένοισιν
1180 2097 1277 2172 ἀοιδή.

363 2201 429 2272 Gur
457 2203 578 2270 diutins
601 2205 740 2271 seramus
762 2203 933 2270 molestam
955 2205 1162 2285 χοσμοδιιιν,
1186 2225 1286 2290 quum
1310 2203 1350 2270 ad
1372 2223 1508 2268 manum

318 2315 362 2378 sit
384 2309 556 2378 Homerica
579 2309 682 2377 forma
704 2307 739 2376 ἐν’
758 2308 872 2396 ”eneti

363 2518 422 2586 Od.
448 2543 467 2586 ι.
492 2517 569 2585 419.

427 2615 529 2691 ὀὕτω
553 2623 617 2705 yde
640 2623 699 2690 πού
722 2623 760 2703 μ’
785 2625 897 2701 ἤλπετ’
922 2623 962 2689 ἐνὶ
988 2625 1079 2708 φρεσὶ
1104 2625 1207 2701 νήπιον
1230 2619 1319 2691 εἶνοιι.

363 2731 492 2798 Veteres
513 2731 609 2797 ἀοιδοί
633 2751 695 2796 nen
720 2730 784 2797 elia
805 2729 908 2798 forma
929 2751 1026 2816 quam
1049 2729 1199 2809 ιε’λπομιιι
1222 2731 1407 2798 utebantur.
1444 2733 1512 2798 An·

317 2841 408 2924 tiqua
430 2839 533 2926 igitur
556 2839 713 2922 scriptura
734 2836 863 2902 videtur
885 2837 962 2902 haec
985 2837 1099 2903 inissa:

589 2939 665 3008 οὕτω
689 2941 752 3023 γάρ
776 2944 809 3008 τέ
832 2943 866 3019 μ’
890 2942 1028 3008 crisme·
1053 2942 1094 3008 ἐνὶ
1118 2942 1222 3024 Φρεσέ.

318 3049 373 3117 scd
396 3048 544 3136 rhapsodi
565 3049 692 3114 hiatum
717 3069 756 3114 ex
780 3050 949 3114 omissione
968 3053 1021 3114 τοῦ
1044 3047 1195 3126 tirannos
1215 3053 1328 3115 natum
1348 3046 1425 3115 οὕτω
1446 3047 1512 3132 γάρ

319 3179 349 3221 τι
373 3180 413 3234 με
439 3154 556 3231 ἤλπετο
579 3157 749 3222 sarcientes
772 3155 940 3244 vulgatam
964 3155 1208 3222 substituerunt.

365 3363 422 3430 Od.
449 3391 478 3432 ιι.
507 3363 583 3430 109.

500 3463 526 3536 οἳ
550 3470 581 3535 δὲ
605 3469 810 3552 ποριςοέμενοι
834 3473 1040 3554 προσεφώνεον
1064 3469 1098 3536 ἐκ
1122 3471 1152 3536 τ’
1178 3471 1289 3553 ἐρέοντο

502 3571 584 3650 ὅστις
608 3576 694 3642 τῶνδ’
721 3577 767 3652 εἴη
791 3576 943 3655 βασιλεὺς
967 3578 1019 3643 xe}
1046 3585 1134 3644 Τοῖσι
1158 3579 1310 3645 τοινοέσσοι.

366 3681 560 3750 Mendaeum
590 3688 638 3748 est
667 3671 840 3769 pronomen
871 3691 966 3748 τοῖσι.
1000 3684 1084 3768 qnod
1108 3685 1146 3750 ab
1168 3683 1231 3750 loci
1254 3687 1411 3751 sententia
1436 3685 1511 3751 aiis-

319 3809 399 3854 num
430 3797 487 3856 est.
535 3789 662 3856 Dicitur
693 3789 770 3854 haec
802 3811 868 3854 esse
900 3790 1104 3856 Aristarchea
1132 3793 1288 3876 scriptura
1314 3793 1348 3855 in
1371 3789 1508 3858 scholio:

319 3893 354 3959 rt
387 3895 417 3960 δὲ
449 3891 550 3962 οέσιν
582 3897 765 3976 Ἀρίςοιρχος
798 3895 850 3961 διὰ
874 3899 926 3961 τοῦ
951 3919 971 3959 τ
996 3895 1063 3960 aa>
1089 3903 1221 3962 τοῖσιν
1245 3895 1416 3962 ἀνάσσοι
1441 3896 1508 3962 dart

319 4005 373 4065 τοῦ
407 4001 532 4066 τίνοι.
587 4001 671 4066 Fieri
705 4021 767 4065 non
802 4006 926 4086 potest,
962 4022 1100 4087 namque
1134 4002 1303 4068 manifesto
1336 4022 1509 4088 pronomen

319 4109 493 4191 requiritur
524 4109 616 4194 quale
648 4112 696 4172 est
725 4110 759 4171 iu
792 4103 854 4179 ὅτις
887 4107 930 4182 εἴη
963 4107 1127 4187 βασιλεύς.
1173 4108 1285 4195 ltaque
1306 4109 1508 4176 scribendum

321 4211 373 4276 aci
399 4213 532 4280 Ὀτέοισι
555 4215 699 4281 τιινοὲσσοι
723 4217 760 4277 ut
783 4215 817 4276 in
840 4211 931 4279 Iliad.
958 4222 997 4278 Ο.
1022 4212 1098 4279 491.

594 4319 669 4399 ἠμὲν
692 4317 817 4384 ὁτέοισιν
840 4318 925 4394 κῦδος
953 4319 1180 4404 -ἐγγνσιλέξν,

594 4426 639 4504 ἧδ’
663 4423 764 4497 ὅτινας
787 4423 935 4510 μινύέμσι.
