3308 5090
880 311 923 382 74

308 505 340 566 et
364 499 539 566 scribarum
565 524 683 569 errores
708 502 867 591 (γραφικοὶ
893 503 1127 582 ἁμαρτήματα)
1151 506 1329 588 perineptos
1351 505 1384 567 in
1407 499 1532 567 libris

289 607 488 674 inolevisse.
525 608 630 689 Quam
654 617 735 675 esset
758 613 792 674 in
815 609 934 674 talibus
957 609 1187 694 Harpocration
1211 609 1322 674 infelix
1345 611 1533 674 coniector

310 735 405 799 supra
429 715 581 780 vidimus.

356 928 436 1015 Pag.
462 925 536 992 186.
569 928 623 994 90.
657 929 730 1008 ὑπὲρ
763 924 796 1004 ἧς
830 929 897 1015 (τῆς
923 930 1083 1006 Ἀττικῆς)
1107 929 1145 1000 ὥς
1178 926 1329 1004 μὲντοὺς
1355 926 1528 1000 ἐπιόντας

311 1036 512 1111 ἀμυνούμεθα
546 1036 572 1100 oi
605 1038 768 1114 Μαραθῶνι
800 1041 859 1099 τῶν
891 1031 1040 1112 προγόνων
1065 1036 1160 1098 αὑτοῦ
1184 1031 1298 1110 μόλις’
1324 1032 1361 1096 όιν
1385 1033 1526 1099 εἰδεῖεν.

312 1139 508 1206 Succurrunt
532 1140 571 1204 ad
594 1141 672 1206 haee
695 1161 775 1227 quae
803 1139 982 1228 Aeschylus
1004 1143 1038 1204 in
1061 1145 1269 1205 monumento
1293 1161 1349 1205 suo
1373 1141 1527 1206 inscribi

312 1249 423 1312 iussit:

471 1353 569 1428 όλκὶιυ
593 1355 620 1418 δ’
644 1352 799 1430 εὐδόκιμον
823 1353 1019 1433 Μαραθώνιον
1042 1351 1137 1426 ἄλσος
1162 1354 1200 1420 όιν
1224 1352 1301 1419 εἵσυι

564 1459 616 1523 καὶ
630 1459 856 1540 βαθυχαιτθεις
879 1461 984 1535 Μῆδος
1009 1461 1205 1537 ε’πιςόμενυς.

313 1565 368 1630 sed
378 1565 491 1650 fetari
510 1568 662 1652 temporis
682 1569 769 1632 notio
787 1569 825 1638 ὡς
845 1569 1070 1643 θμυνοτμεθα
1088 1566 1202 1633 abhoc
1220 1566 1288 1632 loeo
1308 1566 1523 1631 alienissima

315 1677 372 1736 est.
411 1671 597 1757 Requiritur
615 1693 760 1757 praesens
780 1671 970 1749 θμυνόμεθα.
1001 1672 1116 1738 Persae
1139 1675 1195 1758 qui
1216 1673 1256 1738 ad
1280 1671 1521 1737 Marathonem

315 1775 578 1862 depugnaverunt
616 1781 695 1843 scire
732 1799 794 1844 non
834 1784 979 1863 poterant
1009 1799 1106 1864 quam
1134 1779 1259 1844 fortiter
1296 1778 1521 1843 Athenienses

307 1883 433 1964 posthoc
455 1881 641 1947 dimicaturi
665 1889 785 1948 essent:
811 1890 1008 1968 praesentem
1031 1887 1189 1950 virtutem
1212 1889 1382 1950 senserant.

360 2091 440 2178 Peg.
468 2089 541 2157 187.
569 2092 599 2157 9.
633 2095 665 2158 οὐ
697 2097 757 2169 μὴν
784 2093 846 2158 οὐδ’
872 2096 971 2176 ἑκειύῳ
1002 2097 1153 2178 συμφέρει
1185 2094 1321 2171 ξένΟΤΟ
1352 2103 1517 2174 κρατῆσαι

312 2204 371 2261 τῶν
395 2199 559 2272 Ἑλλήνων.
596 2197 723 2265 Clamat
747 2203 903 2265 sententia
922 2201 1044 2277 ξένοις
1069 2223 1135 2266 esse
1158 2201 1338 2292 legendum.
1374 2201 1517 2266 Dudum

313 2303 480 2368 admonuit
503 2303 680 2382 Dobraeus,
706 2313 769 2376 τοῖς
796 2306 823 2370 δ’
847 2307 929 2370 οὐδὲν
952 2306 1054 2382 μέλει.

359 2411 553 2474 Acutissime
575 2410 659 2474 vidit
682 2411 767 2476 idem
786 2432 860 2499 pag.
876 2410 950 2478 187.
978 2410 1030 2478 17.
1055 2411 1106 2478 διόι
1130 2415 1163 2476 τό
1185 2421 1286 2490 μισεῖν
1310 2412 1422 2486 αὐτοὺς
1445 2413 1515 2477 αὖθ’

315 2515 352 2580 ica
375 2517 486 2588 ἀληθὲς
512 2516 594 2579 οὐδὲν
623 2515 713 2590 ἡδέως
743 2517 833 2600 [οὐδ’]
857 2519 975 2596 ἀγαθόν
999 2519 1065 2598 περὶ
1091 2521 1191 2582 αὐτῶν
1215 2520 1382 2582 όκυθσαισε
1408 2519 1513 2584 deleri

314 2626 456 2706 oportere
479 2624 701 2706 importunum
727 2622 811 2700 cess,
836 2624 920 2710 quod
944 2624 1089 2689 additum
1113 2623 1206 2709 plane
1229 2627 1361 2689 oratoris
1384 2634 1514 2689 senten-

314 2730 395 2792 tiam
416 2727 642 2813 pessumdedit.

541 2945 658 3006 ’ΤΠΕΡ
684 2948 770 3004 THC
792 2941 972 3006 ‘POAlssN
997 2941 1285 3008 'enereerlae

361 3153 441 3241 Peg.
466 3151 541 3217 191.
573 3151 604 3216 2.
638 3149 762 3215 traseae
795 3149 857 3230 γάρ
885 3175 915 3215 τι
949 3150 1019 3232 δόξῃ
1043 3150 1095 3216 καὶ
1121 3153 1261 3232 ψηφισθῇ
1292 3159 1412 3216 ΤΟΤΕ
1443 3151 1509 3216 ἴσον

317 3265 370 3325 τοῦ
394 3260 569 3339 πραχθῆναι
602 3259 718 3339 όσόχει
751 3251 875 3337 decursa
901 3257 967 3333 πρὶν
992 3257 1088 3334 δόξαι.
1136 3255 1261 3321 Vitium
1285 3261 1389 3323 estin
1413 3258 1508 3335 τότε,

315 3372 391 3455 quia
411 3369 562 3453 temporis
582 3368 669 3430 notio
688 3368 723 3429 in
741 3365 822 3430 hanc
841 3369 1032 3430 sententiam
1048 3386 1110 3430 non
1134 3365 1228 3429 cadit.
1254 3363 1508 3451 Corrigendum:

316 3485 376 3541 TO
402 3477 464 3539 ἴσον
486 3511 529 3522 -
549 3469 672 3550 ὅσονπερ
696 3473 885 3536 tantumdem.

362 3685 441 3773 Pag.
459 3681 532 3749 197.
559 3683 590 3747 5.
616 3681 761 3761 πρέσβεις
788 3681 931 3756 ἐλθόντας
956 3683 990 3746 ἐκ
1012 3682 1241 3758 Λακεδαίμονός
1260 3682 1510 3763 -ἕψηφθσαντυ

317 3793 370 3857 ε’όιν
395 3795 438 3869 μὴ
464 3793 518 3869 πρὸ
545 3792 628 3864 όλόυυ
653 3789 756 3860 δόντος
782 3791 1050 3854 ἀπαλλάττωνται
1082 3789 1247 3866 πολεμίους
1273 3789 1386 3867 κρίνειν.
1434 3788 1512 3855 Seu-

317 3900 418 3964 tentia
447 3894 605 3982 postulat:
622 3918 680 3979 pro
704 3896 835 3960 όυσόὶθαι
856 3919 918 3960 cece
940 3897 1111 3960 dedituros:
1134 3916 1209 3984 ergo
1229 3903 1335 3977 κρινεῖν
1356 3899 1511 3981 scriptum

322 4005 474 4089 oportuit.

362 4215 442 4303 Peg.
468 4212 541 4279 198.
575 4213 628 4279 21.
662 4220 727 4278 Κῶν
753 4213 806 4276 καὶ
833 4213 930 4277 Ῥόδον
961 4213 1011 4277 καὶ
1038 4211 1142 4284 ἄλλας
1166 4213 1271 4293 ἐτέρας
1296 4212 1411 4284 πόλεις.
1459 4215 1511 4280 Sic

317 4321 350 4386 S.
375 4319 500 4387 Gestari
530 4321 581 4384 καὶ
613 4318 717 4390 ἄλλας
752 4319 857 4391 πόλεις
884 4320 998 4400 ἑτέρας.
1046 4317 1108 4384 sed
1132 4340 1207 4384 cum
1230 4320 1312 4385 bona
1334 4321 1513 4386 scribarum

318 4449 393 4516 pace
416 4448 478 4494 non
501 4447 567 4492 esse
592 4426 673 4492 hanc
697 4423 853 4492 Graecam
877 4429 1052 4491 orationem
1078 4423 1270 4492 confidenter
1287 4425 1418 4492 affirmo.
1454 4425 1514 4492 Po·
