3304 5090
879 337 944 413 121

369 537 449 629 Peg.
484 535 582 605 1050.
615 535 645 606 7.
678 533 745 618 ἔχει
776 533 880 613 μέντοι
911 534 955 600 τι1
979 533 1076 601 πλείιι
1100 543 1213 610 καλῶς.
1238 537 1271 601 οθ
1294 535 1358 614 γὰρ
1383 540 1519 600 ΔΟΚΕῙ

324 647 504 729 ψεύδεσθαι.
553 644 657 711 Verhe
679 648 755 710 sunt
777 641 944 708 Aeschinis
968 640 1007 709 de
1026 643 1251 710 Demosthenis
1269 648 1376 729 petre:
1397 643 1430 708 οὐ
1450 640 1519 720 γίιρ

327 762 398 819 ΔΕΙ
423 751 604 834 φείδεσθαι.

368 958 448 1047 Peg.
475 957 572 1024 1009.
599 957 628 1026 0.
655 958 910 1048 (Demosthenes)
933 957 1060 1036 ίνίμαοι
1084 959 1218 1039 χρῆσθαι
1241 962 1334 1037 Φιλεῖ
1357 955 1518 1037 μεγοίλοις

323 1063 376 1129 καὶ
408 1064 681 1145 μακροσυλλάβοις
707 1065 759 1131 καί
784 1065 842 1139 τῶς
867 1062 955 1145 ἕδρας
980 1067 1080 1131 αὐτῶν
1104 1060 1180 1130 εἶναι
1206 1062 1404 1138 ΠΛΟΤΟίιις
1428 1062 1517 1131 ποίνυ

318 1170 504 1251 βεβηκυίας.
549 1173 699 1260 Ineptum
732 1177 780 1240 est
814 1172 977 1245 πλουσίως.
1023 1170 1152 1259 Repone
1185 1178 1350 1238 nermo
1385 1169 1516 1249 παγίως

320 1278 404 1344 ποίνυ
426 1279 614 1359 βεβηκυίας.

363 1486 444 1576 Peg.
478 1485 575 1553 1088.
608 1484 639 1551 0.
669 1485 739 1552 οὔτε
771 1485 834 1567 γίιρ
865 1485 1047 1553 mensem
1079 1485 1138 1558 πῶς
1165 1485 1314 1556 τοιαύτας
1337 1485 1513 1567 προσθήκας

317 1593 381 1660 οὔτ’
414 1595 617 1666 ἀπαιτοῦντος
651 1592 745 1671 λθγου
769 1601 962 1674 παραλιπεῖν
984 1598 1090 1666 καλῶς
1114 1591 1152 1659 ῶν
1176 1593 1253 1676 ἔχοι.
1300 1593 1512 1682 legendum:

317 1698 389 1766 οὔτε
410 1700 474 1781 γίιρ
497 1698 736 1766 nemeseus.

360 1909 441 1998 Peg.
467 1907 564 1974 1093.
590 1909 643 1975 10.
667 1908 802 1981 σπανίως
829 1907 861 1974 δέ
881 1932 940 1973 που
965 1905 1052 1995 (εὕροι
1078 1906 1118 1974 ι’ίν
1141 1931 1188 1982 τις
1211 1915 1271 1975 τῶν
1291 1909 1418 1996 ῥυθμῶν)
1436 1911 1511 1984 τοὺς

317 2015 588 2098 ὑπορχηματικούς
618 2039 655 2081 τε
686 2016 739 2081 καί
773 2014 922 2088 ’ίωνικοίις
954 2015 1007 2081 καί
1031 2015 1266 2094 διακλωμένους.
1313 2014 1512 2083 Obversatur

316 2125 345 2189 ei
368 2143 479 2189 verens
503 2121 725 2208 Arintophnnis
749 2122 918 2206 Τλοισιορλ.
943 2120 1018 2188 170.

545 2228 758 2310 ἐμιτροφόρουν
781 2253 817 2294 τε
841 2229 893 2294 καί
918 2229 1074 2295 διεκλῶντ’
1098 2229 1243 2302 Ἰωνικῶς.

313 2339 346 2402 et
369 2334 473 2402 dedit:
499 2371 519 2385 ·
532 2333 585 2400 κοι1
609 2333 744 2408 Ἰωνικῶς
768 2333 1000 2414 διακλωμένους.
1049 2333 1156 2400 Simul
1178 2333 1344 2402 confirmet
1371 2337 1510 2422 seriptu-

312 2463 383 2508 rem
417 2441 502 2528 apud
537 2437 706 2507 Gomioum
740 2441 963 2519 emendatam,
999 2461 1075 2507 nem
1109 2444 1143 2507 in
1173 2441 1266 2508 libris
1295 2447 1344 2507 est
1373 2442 1509 2508 διεκίνυν

314 2550 444 2621 ίυνιιιῶς.

359 2756 439 2845 Peg.
477 2754 575 2822 1110.
612 2753 644 2822 0.
679 2757 706 2822 εί
738 2754 771 2824 δὲ
799 2780 841 2840 τρι
873 2755 957 2825 δοκεῖ
984 2761 1089 2824 ταῦτα
1120 2756 1172 2822 καί
1196 2755 1286 2824 πίνου
1310 2762 1428 2824 τολλοῶ
1451 2759 1508 2825 καί

315 2862 540 2946 πραγματείας
563 2860 710 2941 μεγοίλης
735 2859 813 2942 ἔργα
837 2859 932 2949 είναι,
956 2863 1010 2929 καὶ
1033 2861 1116 2944 μοίλ’
1140 2865 1227 2944 ὀρθῶς
1246 2864 1330 2930 δοκεῖ
1347 2865 1433 2930 κατὰ
1452 2865 1509 2930 τὸν

315 2969 520 3048 Δημοσθένην.
566 2968 685 3055 Lepide
713 2970 885 3056 interpres:
913 2971 961 3048 „ie
982 2971 1041 3035 sits·
1060 2970 1290 3056 portendentia
1311 2971 1508 3038 emam

314 3077 350 3141 id
369 3076 495 3144 πυτίαι
516 3076 611 3139 eoum
632 3074 797 3140 habetne?
841 3077 886 3141 At
909 3082 945 3142 tn
965 3077 1042 3142 sudi
1061 3077 1310 3144 Demosthenem
1328 3095 1402 3165 pag.
1426 3076 1505 3144 101.

316 3180 369 3248 12.
392 3183 419 3246 εί
441 3181 473 3248 u
497 3204 539 3263 τῳ
564 3179 647 3247 δοκεῖ
665 3186 770 3247 ταῦτα
792 3181 849 3260 καίΙ
866 3180 1006 3260 θαποίνης
1027 3181 1174 3263 μεγοίλης
1194 3182 1246 3248 καὶ
1267 3182 1362 3248 πθνοιν
1382 3190 1508 3250 πολλῶν

314 3288 366 3353 καί
401 3289 627 3367 πραγματείας
662 3283 739 3354 εἶναι
776 3288 829 3353 καί
861 3287 944 3366 μαλ’
975 3289 1061 3370 θρθῶς
1096 3289 1186 3356 δοκεῖ.
1231 3287 1383 3376 Sequitur
1417 3291 1506 3376 opud

313 3393 576 3462 Demosthenem:
613 3395 689 3460 ἄλλ’
724 3395 778 3460 ε’ίιν
812 3394 979 3474 λογίσηται
1012 3394 1056 3460 τίι
1084 3405 1123 3479 τῇ
1157 3394 1246 3462 πθλει
1280 3395 1366 3474 μετίι
1397 3401 1507 3462 ταῦτα

314 3500 509 3582 γενησίμενα
543 3499 581 3566 ῶν
614 3506 721 3567 ταῦτα
754 3503 799 3579 μίρ
832 3499 919 3582 eeu„
954 3509 1065 3578 ποιεῖν,
1107 3502 1223 3582 εθριίσει
1261 3509 1434 3567 λυσιτελεῖν
1469 3503 1506 3570 τί

315 3609 442 3679 ἐκίντοις
465 3615 560 3672 ποιεῖν
582 3608 625 3674 τίς
650 3607 766 3672 δέοντα.
815 3606 907 3694 Apud
932 3607 1143 3697 Dionysium:
1167 3611 1243 3674 ἀλλ’
1264 3607 1318 3673 ε’ίιν
1336 3607 1506 3687 λογίσηται

314 3715 384 3786 τοὺς
409 3715 649 3785 οίκολουθοῶντας
673 3716 778 3786 αὐτοῖς
802 3712 937 3793 καρποὺς
962 3751 1005 3764 -·-
1029 3716 1137 3780 πᾶσαν
1156 3715 1310 3793 ἡγήσεται
1329 3715 1384 3790 την
1403 3737 1508 3795 πραγ-

316 3820 453 3900 ματείαν
484 3821 606 3887 ἒλοίττυ
638 3827 694 3896 τῆς
726 3819 944 3900 προσηκούσης.
975 3821 1020 3886 sie
1052 3823 1130 3886 seito
1161 3824 1194 3886 et
1227 3818 1332 3907 lepide
1361 3819 1510 3890 solebant

313 3927 399 3994 loeos
422 3931 570 3994 veterum
592 3928 627 3991 in
651 3946 743 3992 suem
766 3947 834 3993 rem
858 3928 1049 3993 convertere.
