3304 5090
854 281 920 368 aas

291 485 374 581 quod
403 493 497 581 plane
527 490 613 557 idem
638 495 806 576 astatque
832 491 917 576 apud
941 488 1198 576 Theophrastum
1222 490 1255 554 σι’
1278 485 1426 572 salpicum
1449 490 1486 557 nt

290 599 474 682 οδτοιινρρύξει
499 594 530 683 ὅ,
553 621 583 662 τι
608 595 645 662 dcv
671 595 800 676 οΖλΦοὶνρ
827 601 875 661 est
897 595 1092 661 οὶτοδῶσεται
1118 599 1171 660 τοῦ
1195 594 1341 675 εὑρόντος.

309 737 312 744 ’
338 705 495 786 Quoniam
524 705 629 791 igitur
651 701 826 768 solemnem
851 723 887 768 ac
911 701 1062 767 stabilem
1084 703 1118 765 in
1141 721 1177 767 ea
1201 723 1234 768 re
1256 704 1365 770 sedem
1389 705 1487 770 habet

291 813 427 881 verbum
446 810 601 890 αλφοὶνειν
623 810 826 892 consequitur
847 809 1059 889 οὶλΦεσιβοίαι
1080 808 1145 872 dici
1165 809 1319 876 formosas
1340 809 1489 898 puellas,

292 913 338 983 ὅτι
360 924 662 984 ΠΩΛΟΤΜΕΝΛΙ
687 907 730 995 τῷ
754 913 848 995 πατρὶ
870 914 950 991 βόας
977 911 1185 995 ἀλφοὶνοοσιν,

653 1022 733 1108 quod
757 1028 822 1086 erat
845 1023 1125 1098 ammirandum,

292 1135 331 1197 ut
351 1129 527 1216 loquuntur
549 1128 784 1195 mathematici

339 1234 492 1321 Sequitur
516 1257 555 1302 ex
576 1237 647 1321 ipsa
669 1238 785 1300 natura
808 1235 840 1298 ori
865 1241 1091 1315 γεωμετρικαῖς
1115 1233 1191 1298 αλλ’
1212 1233 1368 1314 ἐρωτικαῖς
1387 1234 1492 1316 οἰναγ-

295 1365 365 1416 καις
399 1343 450 1426 (ut
477 1340 573 1407 Plato
604 1342 727 1406 iocatur
757 1341 794 1404 de
827 1339 903 1422 Rep.
935 1359 1008 1426 pag.
1041 1335 1118 1404 458.
1153 1339 1200 1424 u.)
1222 1361 1332 1424 procos
1354 1343 1493 1429 puellis,

296 1471 432 1536 quarum
462 1450 592 1534 nuptias
624 1446 797 1524 ambirent,
832 1445 913 1510 dona
944 1466 980 1511 sc
1008 1465 1143 1511 munera
1175 1447 1313 1513 mittere.
1360 1447 1425 1514 Sed
1455 1470 1494 1515 ea

295 1574 359 1621 non
381 1552 452 1619 ἕδνα
476 1553 530 1619 sed
556 1573 612 1618 suo
637 1554 766 1617 nomine
790 1550 867 1632 δῶρα
892 1549 1104 1637 appellantur.
1143 1549 1301 1639 Penelope
1324 1573 1398 1620 snos
1420 1575 1494 1641 pro-

297 1681 350 1728 cos
371 1663 536 1745 increpans
559 1661 606 1723 ita
629 1659 711 1723 dicit
734 1655 847 1744 Odyss.
876 1667 913 1722 Σ.
940 1654 1017 1722 275.

455 1765 613 1846 praeripere
638 1766 699 1844 οὐχ
722 1764 773 1842 ἥδε
797 1763 863 1836 δίκη
889 1765 923 1828 τὸ
947 1763 1069 1844 rapotae
1092 1764 1241 1850 τέτυκτο,

455 1869 487 1937 ol'
503 1872 534 1935 τ’
558 1870 682 1949 ἀγαθήν
705 1893 746 1948 γε
771 1878 908 1948 γυναῖκα
933 1869 986 1935 καὶ
1010 1871 1147 1953 ἀφνειοῖο
1172 1871 1314 1950 θύγατρα

457 1977 618 2058 μνιρςεύειν
643 1976 766 2042 ἐθέλωσι
791 1977 842 2041 καδ
868 1976 1017 2051 οὶλλνὶλοις
1043 1979 1185 2058 ἔρι’σιοσιν.
1293 1995 1297 2004 ’

457 2084 546 2150 αὐτοὶ
568 2082 652 2161 τοίγ’
676 2082 827 2162 ἀνάγουσι
853 2080 934 2161 βόας
959 2082 1011 2148 καὶ
1036 2082 1109 2166 ἵφια
1133 2090 1222 2160 μῆλα

459 2190 563 2271 κούρκο
587 2189 683 2254 δαῖτα
707 2189 826 2271 φίλοισι
850 2187 902 2253 καὶ
927 2189 1043 2266 οὶγλαοὶ
1068 2197 1190 2254 ΔΩΡΛ
1215 2189 1350 2254 διδοῦσιν.

302 2294 414 2362 deinde
444 2300 538 2380 poeto
565 2296 607 2360 roi
641 2295 718 2375 δῶρα
749 2295 789 2361 ad
820 2293 1000 2380 Penelopen
1030 2293 1137 2361 delata
1165 2302 1344 2372 enumerat,
1367 2299 1494 2362 vestem

302 2399 514 2486 splendidam,
538 2399 670 2480 fibulas,
691 2407 858 2486 torquem,
879 2403 1024 2485 inaures,
1048 2403 1156 2467 omnia
1175 2422 1213 2467 er
1234 2421 1310 2467 auro
1326 2408 1382 2468 aut
1401 2422 1494 2490 gem-

301 2509 366 2572 mis
390 2506 549 2572 distincta.

414 2611 495 2678 ἄλλο
519 2613 545 2677 δ’
569 2610 617 2694 ἄρ’
641 2609 738 2684 ἄλλος
762 2622 917 2680 ΔΩΡΟΝ
942 2614 1081 2696 ’Λχαιῶν
1106 2617 1201 2681 καλὸν
1224 2613 1347 2681 ἔνεικον.

303 2720 415 2798 κόσμον
444 2727 616 2798 γυναικεῖον
648 2728 719 2792 ταῖς
752 2719 993 2800 μνκτενομέναιο
1022 2721 1195 2805 ἐδωροῦντο,
1218 2743 1282 2788 non
1303 2729 1439 2787 armenta
1461 2726 1495 2788 st

299 2847 411 2909 ρνοροο.

349 2929 403 2997 Sic
425 2932 528 3019 igitur
551 2933 628 3019 quid
651 2931 827 3000 interiere
851 2939 883 3000 et
903 2932 1010 3012 μείλια
1035 2938 1067 3000 et
1089 2933 1168 3015 δῶρα
1193 2935 1348 3000 constanti
1375 2933 1495 3000 Po'e'tae

303 3058 365 3103 usu
387 3039 513 3103 intersit
536 3037 659 3124 liquido
682 3059 831 3124 apparere
855 3039 998 3106 arbitror.

348 3142 466 3209 Poitae
488 3143 597 3232 Lyrici
621 3151 653 3210 et
676 3144 819 3232 Tragici,
841 3147 897 3230 qui
916 3166 1033 3234 magno
1055 3144 1188 3212 artificio
1208 3147 1353 3233 linguam
1373 3144 1496 3212 Home·

302 3252 404 3316 ricam
426 3255 459 3315 et
481 3249 614 3335 Epicam
638 3250 867 3328 imitabantur,
893 3272 992 3336 quum
1016 3249 1120 3316 multa
1142 3257 1245 3316 essent
1265 3250 1420 3318 vocabula
1439 3273 1497 3318 an·

303 3359 392 3442 tique
427 3357 505 3441 ipsis
540 3359 719 3444 incognita,
756 3357 927 3421 utebantur
961 3360 1003 3422 iis
1034 3377 1071 3423 eo
1102 3377 1213 3440 seusu,
1244 3378 1339 3443 quem
1373 3356 1498 3422 indocti

304 3461 547 3542 γλωσσογράφοι
571 3463 628 3528 aut
650 3461 840 3549 pervulgata
863 3461 1046 3548 aequalium
1069 3464 1176 3550 opinio
1199 3463 1373 3528 tribuisset.
1420 3461 1500 3548 Opi-

302 3567 461 3633 nabantur
484 3568 629 3634 homines
652 3571 728 3635 viro
750 3567 887 3634 Pindaro
907 3575 939 3634 ct
958 3569 1117 3656 Aeschylo
1137 3569 1224 3634 idem
1244 3568 1329 3654 quod
1347 3570 1405 3633 diu
1422 3575 1499 3653 post

304 3672 526 3739 Aristarchum
553 3673 711 3740 dicentem
735 3673 901 3740 audimus:
927 3677 1052 3756 „coplae
1078 3676 1135 3752 μὲν
1158 3675 1202 3739 τοὶ
1233 3671 1317 3740 ἕδνα
1349 3669 1426 3738 εἶναι
1451 3673 1498 3737 τὰ

305 3776 446 3857 διδόμενοι
471 3779 528 3844 ὑπὸ
550 3784 603 3844 τοῦ
626 3785 801 3858 γαμοῦντος
826 3789 865 3856 τῆ
885 3781 1085 3862 γαμουμένῃ,
1107 3780 1162 3845 sed
1180 3781 1341 3846 interdum
1360 3779 1403 3845 τοδ
1422 3777 1499 3844 ἕδνα

304 3885 398 3949 doum
421 3905 544 3971 quoque
567 3884 771 3972 significare”.
810 3886 920 3973 ltaque
942 3886 1101 3952 Pindarus
1126 3886 1165 3952 de
1183 3885 1251 3951 dote
1268 3889 1375 3973 posuit
1399 3885 1499 3968 Olym·

298 3991 385 4074 ρίοκ.
410 3989 468 4057 ΙΧ.
494 3988 524 4058 7.

534 4096 713 4178 οέκριοτιὶριον
733 4097 863 4171 Ἄλιδος
889 4099 923 4164 τδ
948 4096 1063 4175 δήποτε
1087 4098 1196 4178 Πέλοψ

535 4201 666 4282 ἐξάρατο
690 4205 837 4272 καλλιςον
858 4204 1024 4270 ἘΔΝΟΝ
1050 4203 1288 4282 Ἱπποδαμείας.

306 4308 365 4376 ubi
394 4308 505 4375 doctus
534 4311 702 4397 interpres:
735 4307 813 4376 ἕδνον
834 4319 923 4378 NTN
948 4314 980 4377 οὐ
1005 4311 1039 4377 τδ
1065 4311 1150 4394 ταροὶ
1174 4315 1228 4376 τοῦ
1251 4309 1355 4392 ἀνδρὸς
1377 4311 1496 4390 διδόμε-

307 4440 353 4488 νον
371 4423 410 4502 τῇ
430 4415 614 4498 γαμονμένρ
634 4416 742 4502 λέγει,
762 4417 837 4483 ἀλλ’
854 4413 868 4482 ὃ
888 4417 981 4494 αὐτὸς
1002 4417 1115 4494 ἐκείνην
1134 4418 1242 4497 λαβὼν
1253 4419 1495 4501 προσεκτήσατο.
