3356 5084
721 329 786 399 505

204 520 284 610 Peg.
316 519 394 588 522.
430 519 484 586 25.
512 519 597 602 etms
629 523 749 598 ἀληθῶς
781 517 954 588 ἐτετίνίειν
978 526 1084 588 ταῦτα
1109 513 1131 590 oi
1155 521 1239 603 λέγω
1266 522 1353 597 δίκας

160 626 239 700 ἰδίας
270 651 322 706 μοι
346 635 493 709 προσῆκεν
517 629 602 711 αὐτῷ
626 637 757 714 λαχεῖν,
776 629 868 694 -ιύ
892 630 941 708 μίν
965 629 1015 694 Δί’
1040 630 1109 710 οὐχί
1135 630 1265 715 δημοσία
1289 630 1354 711 κρί-

159 759 218 801 νειν
252 735 372 820 [αὐτὸν]
405 735 458 800 καί
491 734 617 814 τίμημα
648 735 778 816 &edyssa
810 731 843 814 i,
873 759 902 801 τι
930 737 990 817 χρη
1015 737 1124 803 σαίεῖν
1150 736 1167 814 ἢ
1190 738 1351 802 οὶτοτίσαι.

158 839 222 906 Pro
253 839 348 905 αὐτόν
380 841 414 905 in
437 840 510 906 aliis
532 847 580 908 est
603 842 722 910 ἓαντίν.
768 841 831 909 Sed
854 846 1027 927 utrumque
1051 864 1090 909 ex
1111 843 1354 931 interpolatione
1445 881 1449 892 ·

157 951 272 1012 natum
294 966 468 1033 pronomen
491 952 540 1013 est
563 953 596 1014 et
620 947 857 1035 expellendum.

203 1052 283 1119 Post
304 1074 406 1139 pausa
429 1053 551 1120 editur:
577 1055 603 1121 si
626 1055 671 1134 μη
695 1052 919 1139 προύβαλόμην
942 1054 1036 1120 αὐτὸν
1055 1055 1132 1123 ἀλλ’
1153 1053 1353 1139 ἐδικαζόμην,

157 1161 363 1245 perspicuum
385 1167 434 1226 est
457 1159 702 1241 τριύβαοιοίμην
725 1162 820 1228 scribi
844 1165 1005 1248 oportere,
1029 1167 1061 1228 et
1080 1166 1191 1230 stetim
1211 1161 1351 1245 τριβαλ-

158 1266 265 1332 λεσίαι
291 1269 368 1352 (uon
390 1267 618 1351 προβαλέσθαι)
641 1269 678 1347 μ’
702 1265 760 1334 ἔδει
785 1267 838 1333 καί
863 1269 936 1350 παρ’
960 1269 1045 1335 αὐτοὶ
1068 1269 1273 1351 τοίδικιίματα
1296 1270 1352 1345 την

158 1371 305 1455 τιμωρίαν
339 1375 564 1441 ποιεῖσίαι.

204 1581 288 1673 Peg.
311 1584 387 1653 524.
408 1583 463 1654 27.
482 1584 534 1651 rio
557 1583 696 1667 ἄρχοντα
710 1623 753 1635 -
766 1584 820 1650 ίδν
844 1583 900 1664 μὲν
920 1584 1152 1668 ίςεφανωμένον
1172 1584 1354 1664 τατοίξΗΙΟ

160 1693 177 1769 ἢ
203 1697 304 1766 κακῶς
330 1691 452 1759 είσΗΙΟ
476 1689 603 1770 ἄτιμος,
628 1692 681 1758 loia
706 1692 736 1758 δὲ
761 1690 879 1766 ἰδιώτην
901 1689 964 1776 ίδίρ
988 1691 1139 1767 ὑπόδικος.
1177 1692 1268 1759 siin
1287 1713 1355 1759 om·

159 1798 253 1864 nibus
281 1800 327 1864 sie
357 1797 518 1887 legeretur
548 1803 655 1864 tamen
680 1795 809 1880 τατοίξη
832 1805 904 1862 Tlc
927 1797 945 1874 ἢ
971 1798 1072 1871 κακῶς
1095 1797 1167 1881 εἴση
1192 1798 1354 1865 emendari

159 1906 360 1990 oportuisset.
408 1903 466 1970 Est
501 1907 587 1970 enim
620 1905 746 1970 Atticae
782 1904 974 1970 urbanitatis
1010 1910 1042 1970 et
1076 1905 1287 1972 humanitatis
1321 1910 1354 1971 et

160 2011 251 2077 oredo
275 2013 420 2077 omnium

433 2116 581 2203 quidquid
603 2122 646 2181 est
668 2117 816 2181 ίιοικίιιιιικ
840 2116 1060 2196 vetustiorum,

158 2243 220 2288 non
240 2224 291 2288 uti
311 2221 369 2288 illa
388 2223 524 2288 seeunda
542 2219 676 2309 persona
698 2224 733 2287 in
755 2245 789 2288 re
812 2225 899 2309 turpi
923 2243 959 2289 ao
987 2221 1145 2310 flagitiosa
1168 2228 1200 2289 et
1222 2226 1352 2291 omnino

158 2331 192 2394 in
221 2349 258 2394 ea
291 2348 371 2414 quae
401 2327 545 2394 dedeeori
573 2328 617 2394 sit
646 2327 698 2393 illi
728 2331 859 2414 quicum
891 2331 982 2414 quasi
1013 2327 1212 2415 colloquaris.
1258 2330 1352 2397 Nune

158 2457 255 2499 omnes
286 2438 413 2501 servant
443 2454 552 2500 sanam
584 2436 775 2521 scripturam
807 2438 931 2521 praeter
964 2457 1055 2498 οκιιιιι
1089 2433 1132 2514 S,
1168 2439 1220 2500 oui
1252 2437 1351 2501 etism

158 2543 329 2607 mentienti
347 2544 380 2606 et
398 2538 523 2606 fallenti
538 2541 611 2627 plus
630 2541 770 2607 ereditur
789 2561 887 2626 quam
906 2542 1037 2606 caeteris
1059 2561 1134 2608 vera
1149 2542 1351 2607 testantibus.

203 2647 373 2713 Praeterea
401 2647 464 2716 ἕτίν
487 2649 521 2712 in
543 2651 638 2714 tertia
661 2669 793 2734 persone
815 2645 1004 2734 pervulgato
1027 2667 1088 2712 usu
1111 2648 1273 2712 omittitur
1297 2647 1351 2712 ίίιν

158 2751 289 2835 σασιίξη
319 2775 366 2827 τις
399 2751 520 2832 ι’ίτιμος.
568 2753 606 2820 In
637 2754 774 2820 secunda
805 2753 975 2820 dicendum
1011 2751 1064 2818 ἕίον
1099 2751 1245 2834 τατοίξης
1280 2751 1352 2820 ἅτι-

157 2883 213 2938 μος
240 2883 279 2924 ει.

202 2964 241 3031 ln
272 2961 372 3030 altero
403 2962 473 3030 loeo
495 2985 569 3052 pag.
596 2963 649 3030 51.
674 2962 729 3031 26.
753 2965 810 3030 ubi
833 2961 962 3046 σατιίξη
984 2986 1033 3038 τις
1058 2968 1090 3029 et
1114 2959 1258 3048 τασοίξης
1282 2983 1354 3030 oon·

157 3071 355 3150 funduntur,
381 3076 555 3156 utrumque
579 3076 663 3138 reete
687 3076 719 3138 et
744 3069 908 3137 commode
932 3070 1060 3136 dieitur.

202 3175 378 3242 Emendate
401 3180 436 3243 in
460 3176 560 3243 simili
583 3198 618 3243 re
640 3179 790 3245 scribitur
811 3173 922 3262 paullo
946 3180 1018 3241 ante
1041 3195 1117 3262 pag.
1140 3173 1216 3242 524.
1231 3173 1293 3242 21.
1315 3174 1353 3241 δν

157 3282 214 3359 μὲν
245 3281 344 3348 τοίνυν
374 3282 492 3360 ἰδιώτην
524 3282 599 3349 ὄντα
629 3284 698 3348 σινίι
729 3286 829 3351 αὐτῶν
863 3279 997 3363 septeni
1021 3289 1094 3346 Tlc
1117 3282 1135 3358 ἢ
1159 3287 1259 3356 κακῶς
1283 3281 1354 3365 step

157 3389 284 3471 γραφὴν
308 3384 422 3472 ὕβρεος
447 3390 499 3456 καί
520 3389 603 3465 δίκην
623 3389 810 3472 κακηγορίας
830 3386 910 3454 ίδίαν
928 3383 1098 3471 φεύξεται,
1119 3387 1171 3454 ε’ίιν
1184 3387 1223 3453 δὲ
1244 3389 1354 3468 ίεσμο-

162 3493 248 3569 ίίτην
273 3491 384 3574 ἄτιμος
409 3493 478 3567 ἔται
504 3493 665 3572 καίοίπαξ.

203 3701 284 3790 Peg.
318 3699 393 3768 525.
419 3702 451 3768 2.
477 3703 530 3769 καί
556 3701 610 3782 ἐμὲ
637 3711 676 3767 el
700 3701 756 3780 μὲν
781 3701 810 3766 ἒν
835 3699 1054 3775 diastematis
1079 3701 1206 3783 ἡμέραις
1231 3701 1353 3780 ἠδίκησέ

158 3830 249 3871 τι-
269 3806 332 3892 ίδίρι
363 3807 414 3874 καί
450 3809 534 3883 δίκην
565 3814 713 3891 προσῆκεν
741 3809 824 3888 αὐτῷ
848 3806 977 3874 διδίναι·
1003 3817 1042 3873 el
1068 3808 1099 3874 δὲ
1122 3807 1256 3890 χιρηρίν
1279 3807 1353 3875 ὄντα

160 3913 304 3997 ὑμέτερον
337 3915 510 3996 ἱερομηνίας
542 3915 632 3990 οὔσης
663 3913 754 3980 τάνδ’
786 3909 844 3980 ὅσα
876 3913 1015 3989 ἠδίκηκεν
1040 3914 1162 3996 ὑβρίσαι
1188 3915 1352 3996 φαίνεται,

159 4019 308 4098 δημοσίας
332 4019 423 4102 ὀργῆς
448 4021 501 4087 καί
525 4023 673 4103 τιμωρίας
697 4019 811 4090 δίκαιον
837 4021 882 4089 ἐτι
908 4018 1091 4104 τυγχάνειν.
1141 4020 1220 4102 Quis
1243 4021 1354 4087 admo·

157 4128 245 4192 nitus
267 4146 331 4192 non
351 4127 441 4193 videt
460 4126 576 4194 dixisse
597 4126 861 4194 Demosthenem:
881 4129 990 4192 ’61161
1011 4125 1043 4192 δὲ
1062 4124 1197 4206 χορηγὸν
1215 4123 1289 4191 ίντα
1311 4165 1351 4176 -

157 4231 271 4305 δίκαιός
297 4234 342 4301 ἔτι
366 4231 555 4316 τνγχοίνειν1
601 4232 729 4300 Similia
751 4230 826 4300 vide
849 4235 884 4298 in
913 4231 984 4298 Ver.
1009 4232 1105 4297 necte.
1128 4251 1202 4320 pag.
1230 4230 1308 4300 624.

201 4441 283 4532 Psg.
315 4443 392 4513 525.
426 4442 478 4510 18.
512 4450 639 4526 σημεῖον
662 4443 712 4510 δέ·
738 4440 839 4508 lecese
864 4441 940 4526 ίερίν
964 4440 1063 4524 νίμον.
1110 4441 1239 4510 Excidit
1261 4463 1354 4512 voea-
