3304 5090
894 355 963 427 228

334 545 443 615 τούτου
470 545 524 622 ἕως
555 551 609 614 τοῦ
635 545 727 627 »ἔνθα
750 545 851 629 κάθιζ’
874 545 1001 625 Ἑλίνη”
1023 547 1125 630 τίχοις
1148 545 1295 629 τέτταρσι
1319 543 1526 628 παράκεινται

336 656 451 723 διπλαῖ
469 653 700 737 περιεςιγραίναι
723 651 769 721 ὅτι
795 651 955 728 Ζηνίδοτος
981 655 1135 733 μετετίίει
1155 655 1209 730 τίρν
1229 653 1393 720 τιινὲπειαν
1412 651 1526 726 οὕτως·

494 763 670 844 οίμφίπολοι
693 761 750 840 μὲν
773 756 883 825 ἔπειτα
909 760 978 832 dosis
1002 761 1051 826 ert
1076 760 1155 842 ἔργα
1176 760 1343 841 τροίποντο,

494 871 574 944 αὖτίς
597 869 625 936 δ’
649 868 750 934 ιίντίον
772 866 788 933 ί
789 866 838 949 ζεν
861 865 1072 947 Ἀλεξάνδροιο
1096 866 1230 939 ἄνοικτος

496 972 566 1040 ὅστε
590 973 687 1040 ποίλιν
710 972 861 1057 κλίνασα,
886 973 974 1038 πίπιν
998 974 1024 1041 δ’
1049 975 1184 1050 ἠνίπαπε
1206 971 1301 1052 μύίιρ.

381 1084 586 1148 ἈΠΡΕΠΕΟ
616 1081 679 1161 sap
711 1080 796 1159 αὐτῷ
828 1079 973 1160 ἐφαίνετο
1004 1079 1040 1145 τδ
1066 1090 1105 1162 τῇ
1130 1078 1238 1162 Ἑλένη
1260 1079 1316 1153 τίρν
1339 1076 1529 1158 Ἀφροδίτην

336 1187 440 1269 δίφρον
462 1185 628 1268 βαπτίζειν.
675 1186 851 1250 Ιιιιίιοοιιιιιι
873 1191 938 1264 est,
963 1188 991 1251 si
1013 1186 1090 1271 quid
1113 1185 1219 1263 eliud,
1244 1184 1401 1250 Venerem
1423 1183 1460 1249 id
1482 1183 1530 1250 ia·

336 1315 405 1360 cere
437 1293 521 1379 quod
549 1294 786 1380 Aegyptiorum
820 1294 949 1379 regina,
983 1291 1136 1358 Zenodoti
1167 1291 1313 1370 domina,
1347 1311 1530 1377 numquam

337 1399 438 1466 facere
468 1398 685 1464 sustinnissetl
717 1398 814 1483 idque
845 1400 875 1464 ei
906 1399 989 1463 tanti
1018 1398 1166 1484 ponderis
1197 1417 1264 1464 esse
1286 1397 1395 1463 risum
1419 1401 1531 1462 estut

338 1507 495 1573 eximium
526 1506 650 1589 antiqui
668 1506 753 1570 vatis
773 1504 881 1570 locum
903 1505 1024 1592 insigni
1045 1503 1286 1590 interpolatione
1309 1503 1440 1568 auderet
1464 1523 1530 1569 cor·

337 1631 503 1697 rumpere,
528 1615 561 1675 et
583 1611 721 1697 vestigia
745 1613 853 1675 omnia
874 1615 930 1684 τῆς
953 1616 1013 1674 τῶν
1037 1615 1181 1674 παλαιῶν
1204 1608 1359 1689 ιίφελείας
1382 1608 1531 1674 funditus

339 1717 453 1784 delere.
499 1715 580 1781 Vide
607 1722 715 1782 autem
738 1717 816 1801 quid
835 1716 1022 1802 respondeat
1043 1716 1263 1782 Aristarchus:
1287 1714 1474 1790 ἐπιλέλησαι
1500 1715 1531 1780 δὲ

338 1821 385 1888 ι’ίτι
415 1819 495 1903 γραῒ
521 1820 644 1889 είκαςοιι
676 1821 728 1886 καί
752 1821 854 1904 ταιίτη
876 1831 914 1904 τῇ
939 1828 1044 1904 μορφῇ
1067 1823 1108 1887 τοί
1132 1823 1321 1903 προπίνοντα
1343 1821 1531 1897 ἐπιτηδεύει.

337 1928 469 2014 Reperit
498 1930 622 1993 colorem
645 1926 799 2013 aliquem,
822 1933 860 1994 ut
883 1931 1029 2014 antiquos
1050 1949 1161 1996 versus
1184 1950 1309 1995 servare
1332 1949 1368 1994 ao
1391 1931 1532 1994 retinere
1641 1987 1642 1998 ,

336 2038 459 2121 posset,
495 2054 558 2100 non
591 2036 696 2119 ipsam
730 2053 860 2099 causam
894 2035 928 2098 τὸ
959 2040 1019 2100 τῶν
1050 2042 1192 2101 παλαιῶν
1223 2035 1290 2115 περί
1321 2035 1364 2099 τοὶ
1395 2039 1532 2100 τοιαῦτα
1641 2039 1642 2050 ’

339 2137 487 2206 ιίπλιίκιίν
506 2142 676 2227 perspexit.
723 2139 857 2206 Necesse
880 2145 929 2207 est
950 2143 985 2205 in
1007 2143 1212 2227 antiquorum
1232 2141 1413 2207 litterarum
1432 2143 1533 2206 inter·

338 2247 515 2333 pretatione
541 2251 579 2310 ut
602 2245 663 2312 tibi
687 2247 813 2311 animus
836 2247 976 2332 οιιίίρνιιι
999 2245 1055 2313 fiet
1077 2253 1111 2314 et
1133 2250 1180 2313 ite
1202 2251 1318 2314 sentias
1340 2253 1379 2312 ut
1401 2245 1452 2312 illi
1476 2267 1532 2314 ve-

339 2357 422 2418 teres
444 2352 636 2435 sentiebant,
661 2371 757 2436 quem
777 2372 906 2418 sensum
926 2353 1150 2419 Alexandrinis
1170 2351 1300 2420 Oriticis
1320 2373 1383 2419 nou
1410 2355 1530 2432 inesse,

338 2463 395 2525 aut
425 2458 541 2523 saltem
572 2477 634 2523 non
664 2459 742 2522 sotis
772 2478 878 2524 acrem
905 2460 940 2524 in
970 2461 1011 2523 iis
1042 2464 1099 2525 aut
1121 2463 1252 2525 acutum
1276 2459 1390 2537 fuisse,
1414 2459 1533 2524 multis

338 2567 405 2631 iem
440 2563 596 2650 exemplis
631 2563 826 2629 ostendimus
860 2568 893 2630 et
926 2584 1002 2630 mox
1037 2564 1184 2650 pluribus
1217 2565 1429 2630 ostendemus.
1480 2565 1533 2631 Ad

250 2672 252 2676 ’
337 2670 475 2738 eundem
504 2670 622 2736 Iliados
643 2669 752 2735 locum
776 2679 810 2734 r.
836 2669 902 2735 424
926 2673 1090 2739 annosve
1113 2671 1196 2737 elius
1218 2674 1324 2738 nescio
1346 2674 1419 2756 quis
1441 2672 1533 2738 Aris·

338 2776 441 2843 tarohi
470 2775 743 2842 animadversione
773 2793 868 2841 usus:
899 2778 951 2843 τὸν
981 2777 1013 2842 δὲ
1043 2776 1148 2858 δίφρον
1177 2778 1204 2843 εί
1236 2786 1330 2843 ΜΕΝ
1362 2781 1401 2852 cic
1429 2782 1532 2858 γραῦς

339 2882 455 2955 τίθησιν
473 2883 526 2948 οὐκ
546 2879 674 2960 ίίτοπον,
696 2883 721 2946 εί
743 2890 800 2946 ΔΘ
818 2885 857 2953 ὥς
875 2882 1060 2962 Ἀφροδίτη,
1080 2882 1134 2948 καί
1155 2884 1269 2958 Ἀίηνῖι
1288 2883 1402 2965 λύχνον
1422 2883 1532 2968 φαίνει

339 2988 495 3055 Ὀδυσσεῖ.
542 2987 687 3075 Respicit
709 2987 816 3054 locum
839 2990 873 3053 in
897 2987 1039 3076 Odyssea
1063 2997 1104 3054 T.
1130 2988 1184 3055 34.

816 3092 938 3174 ποίροιίε
963 3094 994 3159 δὲ
1018 3095 1151 3168 Παλλίις
1177 3095 1289 3171 Ἀίιίνη

473 3198 602 3283 χρύσεον
624 3199 739 3280 λιίχνον
763 3195 881 3280 ἔχοντα
905 3201 987 3283 φοίος
1009 3201 1193 3280 περικαλλὲς
1217 3200 1320 3268 ἐποίει.

338 3329 402 3377 non
431 3305 623 3373 offenderunt
652 3305 730 3372 haee
757 3309 903 3372 veterum
923 3309 1063 3385 animos,
1086 3310 1142 3392 qui
1164 3307 1248 3376 nihil
1271 3307 1310 3374 de
1332 3329 1448 3397 genere
1471 3309 1534 3376 boe

338 3413 552 3481 mirabantur:
585 3411 659 3478 deos
681 3413 765 3476 inter
786 3411 932 3478 homines
954 3415 1074 3480 versari
1096 3418 1129 3478 et
1152 3415 1301 3481 omnibus
1322 3415 1429 3481 modis
1451 3436 1534 3502 qnos

339 3539 426 3588 ceros
448 3518 608 3584 habebant
629 3517 799 3595 adiuvere,
824 3517 968 3604 nihilque
991 3519 1068 3586 adeo
1091 3520 1175 3605 quod
1198 3520 1378 3587 humanum
1400 3527 1483 3588 esset
1514 3543 1534 3588 a

340 3627 412 3695 Diis
437 3624 579 3691 alienum
600 3625 765 3710 putabant.
813 3623 876 3689 Sed
899 3631 1149 3711 supervenerunt
1170 3625 1314 3715 theologi
1337 3633 1369 3693 et
1390 3627 1533 3713 pbiloso-

338 3733 414 3821 phi,
445 3733 502 3818 qui
532 3730 688 3816 quidquid
719 3751 757 3796 ex
787 3751 863 3797 snae
891 3734 1005 3798 aetatis
1034 3753 1127 3798 sensu
1156 3736 1190 3798 et
1219 3735 1419 3820 opinionibus
1446 3741 1533 3801 esset

340 3839 495 3919 ιίπρεπίς,
524 3839 559 3903 in
588 3833 731 3903 Homero
761 3841 817 3902 aut
848 3836 959 3903 acerbe
988 3837 1141 3904 notabant
1170 3838 1331 3927 indignati
1360 3839 1444 3906 Deos
1467 3841 1532 3905 im-

339 3944 491 4014 mortales

477 4053 640 4128 ιιλέπτειν,
664 4046 823 4128 μοιχεύειν
846 4073 882 4115 τε
906 4049 959 4114 καί
983 4051 1141 4126 ἀλλήλους
1163 4050 1370 4117 οίπατιίλλειν.

337 4165 394 4226 sut
429 4157 591 4223 malesane
628 4155 806 4220 subtilitate
838 4161 893 4221 aut
921 4157 1073 4228 ὑπονοίαις
1104 4157 1292 4245 (allegoriis)
1325 4159 1530 4243 perabsurdis

339 4285 488 4332 excusare
518 4269 575 4329 aut
606 4262 770 4329 defendere
799 4263 995 4350 satagebant.
1043 4260 1147 4343 Quam
1170 4263 1289 4330 vellem
1311 4262 1394 4329 nibil
1417 4264 1532 4330 buius·

338 4370 429 4438 modi
451 4369 651 4456 opinionibus
675 4369 860 4434 tribuissent
884 4365 1077 4435 criticorum
1100 4369 1387 4436 Alexandrinorum
1410 4371 1530 4456 princi·

338 4497 405 4566 pes.
450 4473 513 4543 Sed
542 4473 595 4542 illi
624 4460 748 4561 quoque
778 4475 1058 4543 stomachabantur
1080 4474 1263 4544 Minervam
1285 4475 1395 4545 servili
1414 4477 1530 4544 minis·
