3348 5086
890 341 954 410 356

331 533 384 597 tur
415 540 452 598 ut
481 535 565 618 apud
589 533 797 621 Stephanum.
844 533 894 598 Ex
916 531 1048 611 ιάρνυμι
1070 533 1212 598 nascitur
1237 530 1323 608 άγιὶ,
1348 523 1445 609 άρμα
1471 529 1526 617 (nt

333 641 483 724 πρᾶγμα)
497 647 528 706 et
540 640 657 718 άρριάς.
684 639 783 714 ’nysi
794 640 1049 724 suntsroqmcctc
1057 685 1065 715 ,
1079 635 1226 716 άρμάταν
1238 637 1321 713 dyst
1332 637 1415 723 apud
1427 637 1526 703 Euri·

330 745 438 831 pidem
462 751 493 812 et
515 747 629 824 άγαῖσι
652 751 759 811 κωπῶν
777 748 812 808 in
834 744 985 832 Aeschyli
1005 749 1226 824 Αραιαανιιιοαα.
1274 742 1360 808 Hinc
1379 742 1525 819 κύματος

331 851 398 928 eye
421 856 453 917 et
475 853 621 918 Atticum
645 853 830 929 κυματαγά.
852 854 1016 928 ”Aprem
1035 856 1068 916 et
1085 850 1186 929 άχραιέ
1210 849 1295 935 apud
1317 849 1459 915 medicos
1485 849 1526 912 de

322 959 479 1042 fracturis
508 965 676 1043 ponuntur.
724 957 896 1045 Eleganter
928 959 941 1021 ὐ
975 959 1139 1032 κατεαγὼς
1173 956 1215 1020 τά
1247 952 1309 1019 ὦτα
1341 957 1380 1021 ab
1402 957 1527 1020 Atticis

331 1060 521 1138 ὠτοκάταξις
546 1063 680 1139 dicitur,
704 1068 741 1127 ut
760 1061 1017 1150 βαρβαριτάραξις
1041 1063 1054 1125 ὁ
1079 1062 1129 1125 τὸν
1153 1061 1298 1141 βόρβορον
1321 1060 1500 1141 ταράττων.

376 1169 536 1235 Praemisi
554 1170 633 1234 haec
652 1171 760 1235 omnia
780 1175 816 1233 ut
836 1169 914 1234 duos
926 1169 1010 1254 apud
1021 1167 1202 1234 Homerum
1213 1167 1524 1254 locoeinintegrum

334 1279 546 1342 restituerem.
592 1275 709 1340 Editur
729 1277 765 1339 in
787 1272 899 1361 Odyss.
924 1283 965 1338 T.
991 1271 1066 1338 539.

696 1384 773 1445 πάσι
798 1385 869 1444 κατ’
893 1361 1031 1460 αὐχένας
1057 1375 1119 1460 ἦξε.

333 1488 387 1553 sed
409 1507 510 1570 neque
534 1494 561 1549 H
585 1493 668 1552 recta
691 1487 804 1562 habet,
828 1489 919 1550 utin
943 1484 1065 1561 συνέαξε
1087 1491 1119 1551 et
1143 1485 1341 1562 κατεάξαμεν
1359 1484 1525 1552 vidimus.

332 1599 364 1658 et
386 1612 442 1678 pro
467 1590 604 1670 αὐχένας
627 1593 800 1676 requiritur
821 1593 993 1680 singularis
1012 1592 1152 1670 αὐχένα,
1178 1589 1449 1667 assectatores
1471 1589 1527 1652 τὸν

332 1697 455 1776 αὐχένα
479 1700 511 1761 et
534 1695 669 1772 κατέαξε
689 1700 767 1761 πάσι
787 1698 838 1762 τὸν
858 1701 999 1778 αὐχένα,
1020 1698 1165 1779 ιιίιριιύιὲι,
1185 1697 1317 1761 omnibu-e
1327 1694 1431 1779 freqit
1449 1711 1527 1758 calt-

333 1819 441 1867 vrcmr.
489 1801 598 1886 Itaque
622 1801 777 1867 facillima
800 1811 910 1888 parate
934 1803 1113 1868 emendatio
1136 1803 1214 1868 haec
1238 1807 1302 1867 est:

672 1912 750 1973 τάτι
774 1908 846 1973 κατ’
870 1909 994 1990 αὐχέΝ’
1013 1909 1158 1986 ἜἙΑξε.

333 2019 371 2079 ut
394 2025 427 2078 P.
456 2012 509 2077 63.

695 2127 748 2194 τῆς
775 2119 802 2183 δ’
830 2118 863 2195 ἕξ
890 2119 1001 2199 αὐχέν’
1027 2118 1123 2195 ἔταξε.

378 2225 469 2291 Alter
499 2225 587 2291 iocus
610 2233 658 2290 est
682 2235 723 2290 Ψ.
749 2225 824 2290 392.
849 2227 906 2292 ubi
930 2227 1005 2292 libri
1029 2226 1196 2292 exhibent:
1219 2221 1339 2290 έτπειιν
1363 2223 1394 2290 δέ
1418 2226 1443 2288 αι’
1468 2221 1525 2298 ἦξε

335 2331 389 2396 θεά
414 2331 523 2416 ζυγὸν,
547 2331 712 2397 Bekkerus
735 2331 768 2396 δέ
788 2335 942 2418 expunxit
965 2337 997 2396 et
1025 2332 1142 2398 edidit:
1168 2327 1287 2396 ἵττειύν
1311 2355 1349 2396 ιιι
1373 2327 1445 2415 tis,
1468 2330 1527 2396 aed

334 2439 380 2502 ite
409 2435 472 2502 loci
503 2438 729 2504 correctionem
759 2457 822 2504 non
852 2438 995 2523 perfecit.
1044 2437 1232 2524 Repositum
1263 2441 1461 2523 oportuerat,
1486 2441 1528 2501 ut

336 2542 487 2607 arbitror:

649 2609 769 2714 ἵπτειέν
793 2673 831 2715 ιιι
851 2647 960 2726 ἘΑξε
984 2651 1039 2715 θεά
1063 2647 1166 2730 ζνγάν.
1289 2649 1297 2665 ’

876 2960 976 3027 XLV.

831 3179 869 3235 el
884 3175 1035 3237 -ἜΤῙ,

379 3379 495 3446 Editur
518 3381 552 3443 in
576 3377 717 3466 Odyssea
740 3403 757 3442 ν
779 3401 826 3446 vs.
851 3375 933 3444 178:

491 3483 579 3569 ξεῖν’,
600 3484 688 3549 ”erl
713 3485 764 3549 acci
790 3489 841 3549 νῦν
865 3484 962 3550 ἐνθάδ’
986 3485 1119 3560 άνιιὶσεις
1142 3485 1228 3551 κατά
1251 3485 1339 3564 δῶμα

492 3589 603 3671 άνέρας
627 3589 769 3671 αὐτέζιιν,
792 3591 874 3671 άτάρ
893 3592 947 3656 οὐκ
972 3587 1092 3666 ἔξεισθα
1116 3590 1243 3672 ὐύραζες

494 3695 619 3768 πάντας
642 3696 741 3762 οὐκέτι
766 3700 818 3762 νῶϊ
838 3697 1055 3777 διακρινέεσθαι
1078 3697 1127 3762 dico

491 3803 560 3882 πρὶν
584 3809 693 3882 χειρῶν
717 3801 902 3881 γεύσασθαι.

381 3908 582 3994 Quamquam
605 3930 668 3974 non
686 3930 739 3975 me
757 3909 859 3996 fugit,
880 3914 918 3974 nt
937 3908 1113 3974 Aristarchi
1131 3909 1236 3974 verbis
1255 3913 1340 3986 utar,
1363 3908 1417 3994 (ad
1428 3907 1522 3975 Hiad.

331 4025 372 4082 N.
399 4014 488 4103 172.)
510 4014 555 4078 ὐτι
576 4013 713 4092 Ὀραιρρις
738 4014 896 4080 διακόπτει
920 4015 980 4087 τάς
1000 4015 1130 4097 φράσεις
1152 4013 1202 4080 ἵνα
1222 4019 1265 4094 μὴ
1287 4017 1522 4096 μακριτερύιδας

331 4122 480 4205 γένηται,
505 4125 614 4186 tamen
635 4121 694 4185 hoc
718 4119 786 4187 loco
809 4124 950 4206 suspicor
972 4121 1051 4186 duas
1074 4125 1246 4187 sententias
1269 4123 1353 4187 inter
1376 4143 1408 4187 se
1431 4129 1522 4207 aptas

333 4235 366 4295 et
394 4248 490 4293 nexae
520 4227 616 4292 fuisse
648 4232 679 4291 et
711 4247 767 4312 pro
788 4225 875 4292 ’‘eTl
908 4248 972 4292 una
993 4227 1124 4292 literula
1148 4233 1305 4312 expuncta
1326 4231 1454 4312 poetam
1480 4237 1520 4292 el

335 4335 473 4402 dedisse:
507 4335 532 4398 εἶ
565 4332 616 4397 καὶ
649 4338 699 4397 νῦν
730 4333 862 4408 άνιάτεις
884 4371 925 4382 -—
946 4332 1069 4406 πάντας
1101 4333 1199 4398 οὐκέτι
1231 4335 1282 4398 νῶίΙ
1304 4332 1521 4413 διακρινέεσθαι

336 4443 403 4515 ὀΐω,
426 4441 520 4503 utin
543 4445 617 4504 noto
641 4438 710 4505 loco
734 4449 772 4504 Λ.
799 4437 851 4504 59.
