3356 5086
901 363 967 432 338

338 554 574 626 Ohoeroboseus
605 557 657 644 (ex
680 552 874 640 Herodiano)
900 555 935 618 in
959 554 1062 620 Behk.
1088 557 1199 622 Acced.
1224 572 1299 642 pag.
1321 549 1422 619 1257.
1447 550 1536 638 apud

335 663 434 732 Gaias.
460 685 533 752 pag.
560 661 636 728 452.
661 665 677 739 ἡ
702 663 812 743 γραφέν
837 661 890 726 οὐκ
915 658 977 728 έςνν
1002 661 1020 735 ἡ
1044 660 1137 736 αὕτη.
1158 659 1193 726 rt
1214 659 1271 738 μέν
1291 658 1354 740 γὰρ
1374 666 1534 723 ΤΡΩΙΑΙ

335 770 389 836 καί
424 778 588 835 ΔΜΩΙΛΙ
622 767 727 849 έχουσι
760 767 794 832 τὸ
821 777 834 833 1
859 767 1168 848 προσγεγραμμένον.
1215 763 1315 832 Nulla
1337 784 1404 830 osse
1427 767 1537 850 potest
1659 769 1660 820 ί

336 865 371 941 in
394 877 446 941 his
469 876 645 941 dubitatio:
672 877 780 960 itaque
804 873 921 954 δμῳαί,
946 875 1051 954 Τρῳαί
1074 877 1106 939 et
1131 871 1276 955 Τρῳάδες
1300 873 1392 936 unice
1418 891 1537 936 verum

337 987 394 1048 est.
442 981 563 1048 Eadem
596 984 679 1046 ratio
708 986 756 1046 est
785 983 820 1044 in
844 979 919 1060 ζὼς.
941 979 1025 1046 unde
1047 980 1235 1064 producitur
1257 978 1359 1060 ζιίϊος,
1383 974 1476 1058 ζῳίς,
1501 979 1537 1041 et

338 1087 422 1172 quod
441 1088 526 1173 apud
548 1087 728 1153 Homerum
749 1088 868 1173 passim
889 1087 1040 1152 scribitur
1060 1083 1152 1165 ζωοῦ,
1172 1086 1277 1168 ζωῇσι,
1300 1084 1418 1166 ζωοῖσι,
1439 1081 1536 1163 ζωίν,
1659 1089 1660 1092 ’

338 1193 427 1276 ζωούς
462 1194 574 1260 eodem
608 1193 724 1258 mendo
758 1190 903 1257 laborant
941 1211 1004 1277 quo
1039 1191 1147 1273 Τροαί
1181 1197 1213 1257 et
1245 1189 1355 1269 δμωαί.
1409 1187 1537 1253 Eodem

337 1299 455 1365 indicio
490 1303 621 1385 apparet
655 1320 731 1366 vera
764 1298 868 1364 forma
899 1299 1039 1363 nominis
1074 1303 1227 1362 ΖΩΙΟΝ.
1281 1295 1397 1361 Editur
1430 1292 1537 1382 vulgo

339 1402 426 1484 ζῶον,
460 1405 543 1490 quod
573 1405 658 1470 nihil
689 1411 748 1470 est.
794 1403 884 1470 Iones
916 1403 1062 1468 dicebant
1091 1401 1190 1484 ζώϊον,
1218 1403 1427 1469 Athenienses
1450 1397 1536 1481 ζῷον.
1660 1469 1661 1474 ,

337 1508 481 1597 Etymol.
514 1510 562 1576 M.
590 1508 667 1578 413.
695 1509 748 1578 14.
773 1507 869 1594 ζῶνονε
894 1507 949 1578 σὺν
971 1510 1014 1593 τῷ
1038 1519 1063 1579 Ι.
1087 1546 1132 1564 ·-
1156 1508 1259 1583 ἐπειδη
1283 1507 1369 1576 κατὰ
1388 1504 1538 1576 δαίς-οσον

337 1617 424 1696 παρὰ
449 1616 615 1702 Σιμωνίδη·

632 1722 689 1794 οίον
714 1724 778 1794 τίδ’
805 1728 878 1806 ἡμῖν
902 1725 997 1808 ίηρίον
1019 1727 1203 1808 παρένντατο

793 1832 878 1915 eota
904 1830 1037 1902 κοίκνςον.

338 1937 551 2024 supplendum
586 1960 625 2005 ex
661 1937 766 2005 Sohol.
803 1938 844 2004 ad
881 1948 916 2004 Z.
954 1936 1030 2006 407.
1061 1938 1147 2018 μετὰ
1179 1941 1233 2003 τοῦ
1263 1946 1276 2000 1
1307 1935 1349 2001 rei
1382 1933 1537 2017 ζααίγρνα

338 2045 535 2126 ’Λρίςαρχοα
563 2051 597 2112 et
620 2043 787 2127 ζωνοίγρναε
811 2043 896 2122 μετὰ
920 2049 973 2109 τοῦ
999 2055 1024 2110 1.
1049 2044 1115 2110 έπεί
1140 2044 1192 2110 καί
1218 2041 1387 2122 Σιμωνίδης
1411 2042 1510 2125 Φηοί·

654 2151 689 2216 τί
713 2149 807 2231 ζαέων
830 2149 957 2220 κοίκοςον
981 2149 1108 2227 έητηταν
1133 2150 1211 2230 βίον.

382 2257 544 2323 Homerus
574 2260 678 2346 igitur
707 2256 791 2338 ζιίίον
823 2260 857 2323 in
889 2255 962 2340 ζῳίν
985 2258 1160 2342 contrahit,
1183 2255 1340 2324 Herodoti
1363 2260 1395 2322 et
1416 2254 1537 2321 Ionum
1662 2251 1663 2254 ’

341 2364 425 2446 {otior
448 2369 496 2430 est
518 2371 550 2431 et
572 2365 818 2432 Atheniensium
843 2361 923 2444 ζῷον.
971 2364 1009 2429 ln
1033 2361 1131 2431 Oodd.
1156 2363 1387 2449 antiquioribus
1413 2363 1539 2446 ubique

342 2469 424 2551 ζῶνον
447 2475 532 2536 recte
555 2471 715 2556 scribitur.
761 2470 799 2535 In
823 2466 937 2536 Codice
962 2471 991 2536 A
1014 2469 1157 2536 Platonis
1179 2493 1290 2554 semper
1311 2473 1358 2535 ita
1377 2470 1537 2554 scripturn

340 2597 407 2642 esse
430 2576 509 2642 vidi.
534 2575 659 2641 Passim
684 2580 812 2661 apparet
835 2578 869 2640 in
895 2576 1005 2652 Ονίίία,
1032 2596 1127 2661 quem
1148 2598 1187 2643 ex
1207 2575 1351 2642 Parisino
1371 2575 1536 2660 desumpsi.

338 2681 459 2747 Hadem
482 2684 659 2748 constantia
682 2686 730 2748 est
750 2684 784 2745 in
807 2681 939 2768 reliquis
962 2681 1054 2746 libris
1078 2683 1326 2768 antiquioribus,
1353 2682 1409 2747 sed
1426 2682 1536 2747 neseio

340 2788 497 2872 quomodo
520 2809 630 2854 omnes
653 2809 705 2852 eas
730 2790 902 2873 scripturas
926 2791 959 2853 in
984 2787 1171 2854 conserendo
1193 2787 1413 2876 neglexerunt.

385 2892 454 2973 Quo
484 2897 590 2982 magis
622 2896 664 2959 sit
695 2894 921 2980 vituperabilis
949 2914 1034 2960 error
1057 2896 1221 2961 sciendum
1244 2899 1293 2960 est
1314 2891 1444 2959 nullum
1466 2915 1535 2960 esse

340 3001 470 3065 omnino
501 2997 660 3066 Graecum
690 3021 807 3066 nomen
841 3000 925 3085 quod
955 3003 989 3064 in
1022 3035 1042 3049 -
1056 3009 1149 3067 noc
1179 2999 1233 3068 vel
1263 3037 1283 3050 -
1297 3006 1396 3065 ΩΟΝ
1424 3003 1533 3065 exeat:

339 3105 457 3172 habent
488 3107 574 3170 enim
604 3106 682 3171 haec
715 3109 824 3172 omnia
853 3107 887 3170 rt
916 3105 1213 3187 προσγεγραμμένον
1238 3114 1251 3170 1
1277 3111 1309 3172 et
1331 3105 1536 3171 scribendum

338 3211 457 3296 ubique
481 3216 529 3276 est
554 3247 574 3260 -
589 3220 698 3277 ssiOC
722 3217 755 3278 et
778 3249 799 3262 -
813 3218 947 3290 ΩῙΟΝ,
972 3214 1067 3277 utin
1090 3210 1189 3291 ζῶνον,
1214 3217 1342 3288 arcticos,
1366 3217 1535 3287 morerer,

339 3321 508 3398 περνςῶνον,
543 3319 694 3395 torpuere.
742 3319 911 3385 Adiectiva
941 3318 1039 3384 huius
1069 3317 1189 3384 formae
1220 3323 1344 3384 exeunt·
1366 3320 1400 3383 iu
1424 3339 1534 3396 -ῳος,

340 3425 498 3505 πατρῷος,
531 3425 681 3505 Νεολῷορ,
713 3427 829 3506 Γελῷος
863 3425 914 3513 (ex
946 3424 1047 3490 Γελία
1078 3423 1235 3512 Γελοαῖος)
1262 3429 1294 3490 et
1316 3425 1390 3490 sim.
1414 3425 1534 3488 omnia.

342 3531 436 3617 Apud
465 3527 669 3615 Hesychium
701 3536 749 3596 est
772 3533 919 3597 ’Λλῶαε
946 3530 1031 3610 ἑορτὴ
1056 3529 1231 3607 ’Attianum
1257 3530 1311 3595 sed
1335 3530 1423 3596 ἁλῶα
1450 3527 1538 3594 nihil

341 3643 406 3702 est:
440 3657 478 3701 ex
508 3633 591 3708 ίίλοο
617 3635 707 3717 riade
730 3637 897 3703 formatur.
944 3635 1044 3722 Saepe
1067 3637 1168 3702 miror
1189 3634 1347 3724 Hesychii
1368 3634 1538 3703 Editorem

339 3742 537 3808 Mauricium
565 3740 714 3808 Schmidt
742 3744 777 3807 in
809 3744 941 3809 materis
971 3745 1064 3808 acute
1094 3763 1218 3808 cernere
1250 3741 1383 3808 solitum
1416 3743 1452 3807 in
1483 3741 1538 3806 bis

343 3854 410 3914 tam
434 3867 526 3935 saepe
549 3846 758 3931 ὑποννςοίζενν.
806 3848 936 3914 Edidit:

614 3953 781 4029 Ἀίοίητοςτ
806 3953 991 4036 οὶζημίωτοο.

614 4060 751 4134 'Adducet
777 4059 925 4143 οίζημίονς.

613 4168 738 4240 ’Λίῶοςε
763 4168 777 4233 ί
802 4167 851 4232 ἐπὶ
876 4173 931 4234 τοῦ
951 4170 1036 4235 ’Δία
1051 4206 1093 4218 -
1106 4167 1271 4249 ἱδρυμένος.

343 4277 433 4359 quasi
463 4273 531 4340 ulla
560 4279 641 4342 esset
671 4273 830 4341 dubitatio
862 4277 940 4361 quin
966 4295 1003 4341 ex
1025 4276 1128 4347 ’Άίως
1153 4274 1265 4354 'Attice
1288 4271 1480 4359 producetur
1505 4279 1539 4340 et

345 4379 423 4459 ίῳη,
456 4381 550 4460 dirior
580 4379 739 4447 Graecum
772 4384 831 4459 sit,
863 4402 925 4447 non
957 4382 1013 4456 θοή
1039 4386 1071 4448 et
1095 4383 1199 4452 ἄίῶος.
1246 4379 1309 4445 Pro
1331 4379 1421 4445 esse
1444 4381 1539 4466 peius

340 4487 438 4551 etiam
468 4487 559 4551 ἁλία
591 4488 744 4552 scribitur
777 4487 862 4574 apud
892 4487 1085 4555 Pausaniam
1120 4488 1159 4553 ab
1190 4487 1320 4554 Editore
1354 4483 1535 4553 laudatum.
