3356 5086
728 648 782 716 VI.

651 859 868 927 ’erfone-N.

211 1069 326 1135 Tribus
355 1072 390 1134 in
419 1069 562 1138 Homero
595 1071 673 1137 locis
704 1071 868 1137 Bekkems
898 1071 999 1137 edidit
1032 1069 1142 1138 ἔναδεν.
1188 1071 1281 1138 Iliod.
1317 1079 1350 1138 Ξ.

168 1175 243 1242 340.
268 1182 300 1243 ot
323 1189 356 1242 P.
382 1175 458 1243 647.
484 1183 517 1242 et
539 1177 651 1265 Odyse.
679 1189 716 1244 Π.
742 1177 798 1244 28.

528 1287 596 1350 ἐπεί
619 1284 653 1349 νύ
677 1309 722 1350 τοι
746 1283 847 1349 ἔσαδεν
870 1285 950 1360 εὐνή.

530 1391 599 1456 ἐπεί
621 1390 655 1456 νύ
678 1414 723 1456 σσι
748 1389 850 1456 ἕσαδεν
873 1389 975 1462 οὕτως.

529 1492 567 1568 ὦς
589 1497 653 1577 γάρ
676 1501 709 1561 νύ
733 1521 778 1560 σσι
803 1497 886 1562 rcere
911 1497 1005 1578 θυμῷ.

167 1607 205 1667 ut
234 1621 290 1689 pro
319 1603 472 1668 tribrachi
499 1608 547 1668 ter
576 1602 723 1690 dactylus
755 1611 925 1688 reponatur
955 1605 1119 1691 geminato
1154 1603 1352 1690 digemmote

169 1708 368 1774 scribendum
391 1707 523 1786 ἔσεαδεν,
548 1709 629 1774 unde
653 1709 762 1774 εὔαδεν
782 1715 888 1775 ortum
909 1716 974 1786 est,
996 1716 1033 1774 ut
1052 1707 1204 1784 καυάξαις
1224 1730 1263 1774 ex
1283 1732 1353 1774 κασ-

168 1812 274 1888 wikere
300 1819 333 1879 et
354 1814 506 1894 αὐέρυσαν
529 1835 586 1900 pro
608 1814 767 1896 ἀπέρυσαν
792 1820 824 1880 et
848 1817 976 1896 αι’νίαχοι
1000 1835 1057 1900 pro
1081 1817 1236 1895 απίαχσι,
1265 1817 1353 1880 eimi-

169 1917 273 2005 liaque
297 1920 470 2006 complure.
518 1922 611 2008 Apud
634 1921 835 2009 Hesychium
858 1927 930 2008 poet
953 1923 1088 2002 Αὐΐαχσι
1111 1921 1248 2008 legitur:

485 2027 648 2094 Arii'itrov:
673 2030 831 2109 ἀφανοῦς,
856 2026 996 2108 ἀοράτου.

171 2131 253 2196 nihil
281 2133 369 2200 aliud
401 2139 449 2200 eet
480 2155 576 2220 quom
604 2135 771 2213 ἀνειδέτσν,
805 2135 889 2218 quod
918 2135 1091 2200 formatum
1115 2137 1223 2198 estut
1246 2130 1351 2211 ἀσινέα·

151 2261 274 2312 Amce.

726 2559 796 2628 Vn.

372 2777 487 2839 ΔῬΗΝ
513 2809 553 2822 -
580 2780 767 2852 nemeen,
794 2783 950 2853 neeoc,
977 2782 1147 2842 nenrro.

216 2978 387 3070 Dipemmo
417 3005 518 3070 quum
549 2987 592 3051 eit
621 2987 722 3050 littera
744 2985 861 3072 liquida
884 2987 984 3050 mutio
1009 2986 1198 3071 quibusdem
1223 2984 1352 3049 subiun-

171 3089 267 3175 gitur.
314 3091 407 3175 Apud
438 3089 618 3158 Homerum
650 3092 780 3177 quidem
812 3094 845 3156 in
877 3092 1000 3157 duobus
1030 3096 1156 3157 tentum
1189 3089 1353 3156 vocabulis

170 3191 289 3278 liquido
312 3202 442 3282 apparet
464 3198 629 3286 digamma
652 3197 763 3264 literae
788 3208 814 3261 Δ
837 3198 933 3262 fuisse
952 3199 1166 3264 subiunctum.
1203 3196 1352 3262 Primum

171 3300 205 3362 in
227 3309 360 3377 AFHN,
383 3303 467 3386 quod
486 3303 593 3387 otiqoe
613 3306 680 3368 eine
694 3303 763 3368 ullo
777 3305 960 3388 exceptione
973 3304 1211 3370 antecedentem
1222 3303 1352 3368 brevem

171 3407 322 3489 positione
344 3407 504 3493 producit.
528 3413 566 3472 ut
588 3410 622 3472 in

506 3513 634 3593 μίνυνθά
657 3515 799 3594 creperico
824 3515 918 3590 μάλα
942 3513 1016 3590 δσιὶν.

212 3629 249 3686 Α.
275 3619 353 3688 416.
378 3629 419 3686 N.
446 3617 521 3687 573.
546 3645 583 3702 χ.
608 3619 674 3686 473
698 3627 730 3687 et

596 3727 656 3792 οὐδ’
681 3726 729 3804 ἄρ’
754 3727 794 3791 ἔνι
820 3727 894 3802 διήν.

214 3842 248 3900 Z.
273 3832 349 3901 139.
376 3844 403 3900 Θ
442 3831 517 3900 126.
542 3845 583 3900 Ψ.
608 3831 683 3898 690.
708 3833 743 3912 β.
770 3832 822 3898 36.
848 3831 924 3898 296.
951 3829 1026 3898 397.
1052 3856 1077 3912 ρ.
1104 3831 1156 3898 72.
1180 3836 1213 3898 et
1235 3830 1295 3896 οὐδ’
1316 3829 1353 3894 δν

173 3938 214 4005 ἔτι
237 3941 303 4017 δσήν
326 3952 364 4006 Τ.
390 3937 467 4006 426.
488 3947 520 4006 et
539 3938 618 4004 οὗτοι
638 3937 682 4003 ἔτι
702 3938 776 4012 δειὶν.
799 3945 831 4004 et
849 3940 916 4004 οὐδὲ
935 3938 1000 4014 δσήν
1022 3949 1059 4004 ss.
1081 3937 1156 4005 736.
1178 3943 1210 4002 et
1230 3961 1254 4000 ε.
1278 3935 1352 4004 127.

214 4047 361 4114 Alterum
390 4045 573 4132 exemplum
607 4063 632 4110 Δ
667 4050 699 4110 et
729 4055 755 4110 F
785 4047 1022 4110 coniunctorum
1057 4046 1160 4110 estin
1183 4042 1354 4111 Homerico

174 4155 264 4220 verbo
295 4154 403 4218 δείδια.
450 4151 653 4218 Scribebotur
684 4151 762 4216 olim
789 4149 938 4228 ἔδδεισεν,
971 4150 1167 4224 ὑποδδείσας,
1193 4147 1297 4223 ἀδδεές
1322 4156 1354 4216 et

174 4259 299 4325 similia.
336 4258 538 4324 Aristarchus
560 4261 594 4322 in
613 4258 784 4322 biennum
803 4263 929 4322 tentum
953 4267 979 4322 Δ
1003 4257 1169 4322 scribebat.
1205 4253 1354 4324 Scholion

175 4365 211 4430 ad
235 4375 272 4432 Θ.
299 4363 375 4431 423.
400 4365 516 4437 ἀδεὲς
540 4362 579 4428 δι’
606 4364 667 4436 ἐνὸς
695 4373 722 4426 Δ
742 4363 935 4444 ’Δρίςαρχσα
960 4368 992 4428 et
1015 4362 1054 4427 od
1079 4371 1117 4425 Ο.
1145 4359 1219 4426 123.
1251 4387 1354 4444 περι-

176 4468 345 4536 δείσασα
375 4470 427 4535 δια
450 4475 502 4536 σοῦ
528 4470 626 4550 ἑτέραν
650 4485 676 4533 Δ
703 4469 905 4551 ’Λρίςαρχσς,
930 4476 962 4534 et
985 4468 1035 4534 od.
1058 4477 1100 4532 Ψ.
1125 4463 1200 4533 417.
1226 4467 1277 4535 διὰ
1300 4475 1353 4534 τοῦ
