3304 5090
674 372 741 442 233

228 563 339 656 (αθτιὶρ
362 563 428 632 έτεθ
451 563 554 639 πθσνις
578 565 630 632 καὶ
656 560 793 648 έδητθσς)
813 559 891 628 *ΛΨ
916 562 1177 632 ’enacAN‘ro

132 671 172 740 ἵνα
198 675 240 752 μη
268 677 310 745 ale
341 671 424 753 ιιθρσν
453 671 560 738 έσθθειν
591 671 643 738 καὶ
672 673 767 737 πίνειν
789 667 954 748 λέγωνται.
1002 669 1151 760 Cogiture
1174 670 1303 737 videtur

133 781 163 846 de
187 780 360 846 Ptolemaei
382 781 539 856 convivis,
564 781 621 864 qui
644 799 745 864 quum
768 797 807 842 ex
831 776 933 862 epulis
957 780 1055 866 regiis
1078 778 1179 844 saturi
1202 797 1305 842 rever·

132 891 243 972 tissent,
272 907 336 952 uon
367 885 460 951 facile
483 887 593 950 statim
614 888 706 952 novis
734 883 868 968 dapibus
891 887 977 950 vesci
998 887 1184 971 potuissent.
1231 881 1306 948 Alia

131 999 208 1060 arunt
229 999 285 1058 τῶν
309 992 406 1072 alcolea
427 989 445 1067 θὶ
467 1016 502 1056 τε
526 991 609 1073 θῶμη
634 990 686 1056 καὶ
712 993 730 1067 ἦ
755 987 870 1054 θέαιτα.
906 989 1022 1057 Mirari
1041 991 1126 1058 soleo
1146 989 1229 1076 quod
1248 988 1306 1054 Di·

131 1100 234 1187 dymus
257 1098 397 1165 addidit:
422 1097 496 1164 ἀλλ’
519 1093 599 1175 θμνιρ
625 1098 682 1163 oct
707 1101 849 1176 περιττῆς
874 1096 1048 1174 εὐλαβείας
1068 1097 1151 1163 cdliv
1171 1103 1306 1161 ΜΕΤΘ-

132 1213 260 1270 ΘΗΚΕΝ
285 1204 315 1268 έν
338 1211 475 1276 πολλαῖς
499 1200 592 1274 οὕτως
615 1203 703 1283 εὑρὼν
728 1200 895 1284 Φερεμένην
918 1204 974 1278 την
994 1202 1132 1284 γραφέν.
1163 1200 1307 1268 Utuntur

130 1331 226 1378 omnes
252 1309 309 1377 illo
339 1309 409 1376 loco
441 1309 481 1375 ad
509 1308 793 1376 demonstrandum
817 1315 934 1393 quanto
957 1309 1112 1398 religione
1136 1311 1170 1374 in
1194 1309 1307 1375 consti·

129 1418 234 1483 tuendo
266 1415 439 1482 Homerico
472 1420 564 1482 textu
598 1413 802 1481 Aristarchus
835 1413 932 1480 fuerit
966 1437 1051 1482 usus.
1100 1414 1162 1482 Sed
1200 1416 1308 1482 omnia

129 1523 248 1588 enudant
269 1526 308 1588 ut
331 1520 497 1587 credamus
520 1519 570 1600 θιψ
596 1519 753 1586 ἓπθσαντσ
777 1540 844 1586 esse
867 1523 967 1607 ipsius
991 1521 1167 1587 Aristarchi
1187 1523 1306 1587 coniec-

128 1633 222 1694 turam
250 1649 313 1695 uon
341 1627 515 1694 admodum
548 1625 674 1693 felicem
705 1647 806 1712 neque
841 1625 1036 1714 elegantem,
1072 1633 1106 1692 et
1137 1625 1308 1715 vulgatam

128 1738 304 1822 scripturam
334 1755 398 1800 non
430 1735 461 1798 έν
486 1740 620 1807 πολλαῖς
646 1732 700 1799 sed
724 1734 754 1798 έν
781 1731 900 1806 τιθσαις
924 1733 1041 1800 lectum
1064 1732 1171 1799 luisse.
1219 1732 1307 1813 Quae
1413 1755 1415 1761 ·

129 1847 170 1906 eet
189 1845 305 1932 igitur,
330 1860 464 1926 quaeso,
488 1838 547 1905 illa
570 1839 696 1921 περιττθη
720 1836 899 1917 εθλνθβειαθ

167 1948 255 2014 Illud.
278 1956 304 2013 1.
330 1945 406 2012 452.
431 1947 604 2012 παλλακίδι
628 1953 832 2026 πριμιγῆναιτ
857 1944 1059 2011 ἈΠΡΕΠΕΟ
1082 1948 1214 2010 τοιαῦτα
1239 1942 1305 2026 περὶ

130 2055 213 2121 αὑτοῦ
233 2051 374 2130 διεξιέναι
396 2054 468 2133 πρθς
488 2053 582 2131 μηδὲν
601 2053 784 2129 ιθναγιιαῑνν.
809 2051 859 2117 Ex
878 2071 953 2116 suae
973 2051 1087 2117 aetatis
1107 2072 1200 2117 sensu
1210 2051 1307 2117 homo

129 2161 248 2227 iudicat.
294 2158 348 2224 Illi
379 2164 502 2225 veteres
524 2160 553 2223 si
575 2158 652 2243 quid
676 2157 883 2242 deliquissent
904 2155 991 2223 ultro
1014 2157 1145 2223 candida
1168 2156 1307 2223 fateban-

131 2273 186 2332 tur.
227 2263 268 2332 Et
299 2265 376 2351 quid
407 2269 455 2330 est
476 2267 582 2353 magis
606 2266 780 2342 αναγκαῖον
802 2282 899 2349 quam
921 2260 1114 2329 Phoenicem
1139 2281 1308 2350 agnoscere

130 2369 264 2460 cnlpaml
300 2369 365 2452 Qui
388 2373 562 2437 commenti
585 2374 660 2435 sunt
682 2369 720 2435 do
744 2389 800 2435 suo
823 2369 993 2435 lectionem
1018 2370 1234 2455 porineptem:

482 2487 520 2559 τῇ
545 2477 578 2542 σθ
603 2475 733 2554 τιθθμην
757 2475 816 2541 αὖθ’
840 2472 933 2554 έρξα,

129 2588 246 2670 poetam
275 2604 385 2650 secum
415 2585 523 2669 ipsum
550 2602 692 2670 pugnare
715 2581 764 2647 nil
786 2582 1000 2647 morabantur.
1047 2579 1199 2669 Pugnant
1221 2581 1308 2648 enim

131 2697 228 2776 aperte
259 2692 343 2757 inter
377 2707 427 2755 ee:
463 2699 500 2772 τῇ
532 2690 565 2754 ιθ
595 2685 725 2765 πιθθμην
758 2687 818 2753 οὐδ’
847 2683 936 2773 έρξα,
970 2691 1019 2754 et:
1052 2690 1155 2771 πατηρ
1184 2686 1210 2754 θ’
1235 2688 1307 2768 έμθρ

131 2796 263 2862 ATTlK’
284 2795 393 2868 θίσθεθς
416 2795 523 2860 πολλα
546 2797 713 2873 ναπηρῖιτν.

171 2903 257 2969 Iliad.
286 2909 311 2968 1.
346 2899 537 2970 688-693.
566 2903 746 2967 ιθθετνῦνται
775 2899 859 2980 elgar
889 2899 981 2965 πέντε
1006 2937 1059 2966 -.
1084 2899 1135 2964 καὶ
1161 2899 1223 2980 γὰρ
1247 2894 1310 2968 θλιι

131 3007 341 3076 'Anpenelc
364 3011 389 3075 σθ
413 3009 507 3090 ςθχσι.
554 3007 637 3088 Quid
658 3012 707 3073 eet
729 3006 859 3074 tandem
882 3008 916 3071 in
939 3004 991 3071 his
1013 3003 1169 3087 σθπρεπέςθ
1187 3005 1310 3094 Nempe

132 3115 223 3182 dixit:
254 3116 312 3181 slcl
345 3116 396 3181 καὶ
430 3113 492 3180 αἴθε
524 3115 568 3179 τθι
598 3114 743 3190 εἰπέμεν,
775 3119 808 3178 et
837 3113 1006 3178 indecorum
1036 3112 1164 3179 videtur
1194 3108 1239 3178 θτι
1271 3116 1311 3186 ὡς

132 3220 349 3300 θτιτησθμενσς
372 3221 531 3302 μιθρτνρατ
554 3221 738 3285 ἐπισπᾶται.
786 3216 904 3285 Omnes
927 3218 987 3285 hoc
1010 3217 1133 3284 faciunt
1150 3227 1183 3286 et
1201 3218 1312 3286 luben-

132 3331 175 3393 ter
195 3327 316 3394 i'aciunt
339 3329 394 3414 qui
418 3348 494 3394 vera
515 3325 697 3413 loquuntur.

171 3433 259 3500 lliad
286 3443 317 3504 Ξ.
345 3434 376 3500 1.

281 3537 404 3622 Νέτιρα
428 3539 452 3606 θ’
476 3539 529 3606 οὐκ
554 3536 662 3604 έλαθεν
686 3538 765 3618 dccxli
789 3535 916 3603 τένοντα
941 3561 997 3621 περ
1022 3535 1134 3617 έμπηε.

171 3646 372 3714 ἈΠΡΕΠΕΟ
405 3669 484 3721 τινες
516 3643 662 3720 νθηθέντεσ
694 3639 772 3710 εἶναι
804 3643 856 3709 καὶ
887 3653 943 3710 OT
967 3644 1054 3710 κατὰ
1078 3643 1255 3726 πρεσβύτην
1278 3643 1313 3710 τθ

133 3753 218 3820 πθνειν
242 3789 285 3803 -·
309 3751 470 3824 σὶιισλσθςισι
493 3752 575 3834 Φασὶ
601 3751 653 3816 καὶ
677 3751 716 3823 ὥς
739 3749 868 3828 μέθυσος
891 3750 980 3816 πθνει.
1004 3751 1088 3836 quod
1108 3770 1208 3836 quum
1225 3747 1315 3817 nullo

132 3865 216 3944 pacto
235 3859 402 3925 ferendum
421 3879 487 3925 esse
505 3859 607 3944 inepti
625 3859 843 3945 opinarentur,
864 3859 1086 3944 excogitarunt
1097 3855 1218 3942 aliquid
1230 3855 1315 3941 quod

133 3965 207 4032 infru
237 3965 407 4051 proferam.
454 3963 556 4045 Quem
588 3967 631 4028 sit
661 3984 774 4030 senum
803 3967 936 4029 naturae
965 3983 1140 4050 congruens
1172 3961 1207 4026 id
1230 3961 1314 4047 quod

133 4072 209 4157 apud
231 4073 360 4158 poetam
382 4075 430 4136 est
453 4066 666 4137 Grammatici
687 4072 722 4136 in
745 4067 819 4136 aula
841 4072 932 4158 regia
953 4089 1016 4136 non
1040 4067 1226 4135 sentiebant.

173 4178 263 4246 Iliad
286 4188 327 4245 Π.
351 4175 406 4244 85.

557 4279 638 4363 θτθιρ
662 4277 904 4363 circumcidite
927 4281 1033 4365 ιισθρην

264 4387 314 4470 &dt
336 4386 555 4464 ιθτσθιθσσωσι,
579 4388 666 4471 τρστθ
690 4389 718 4454 δ’
741 4390 855 4468 escae
880 4389 958 4469 δῶρα
982 4386 1118 4470 πθρωσιν.

135 4509 201 4564 eote
228 4497 348 4565 iterum
380 4491 559 4584 Crispinus:
589 4494 791 4563 ἈΠΡΘΠΕΟ
816 4495 846 4562 δὲ
869 4495 904 4561 σθ
928 4493 1122 4570 παλλακθδις
1144 4493 1198 4561 καθ
1221 4494 1316 4579 θθριιν
